3100 4359
335 383 422 438 XLVI
737 381 943 436 PRAEFATIO

336 554 440 627 lineas,
464 556 495 611 et
511 569 665 611 monemus
688 551 822 628 singulas
841 550 995 610 columnas
1018 550 1225 628 quadragenas
1243 551 1348 626 quinas

335 642 431 700 lineas
453 644 567 713 tener03
591 640 642 699 sed
666 658 702 699 ne
720 638 926 715 frequentibus
945 639 1086 699 editionis
1104 640 1248 715 principis
1268 639 1348 700 vitiis

336 730 547 806 deciperemur,
566 729 740 789 collationes
759 747 829 788 suas
847 727 983 787 codicum
1000 727 1114 787 ABDN
1127 729 1271 788 MchI
1287 729 1346 788 156

337 818 473 879 omnibus
505 819 543 877 iis
573 818 648 877 locis
679 818 826 894 inspicere
846 815 1021 876 liberaliter
1053 816 1229 878 Skutschius
1266 817 1355 906 uobis¹

336 908 480 986 permisit.
1158 943 1160 948 ,

425 995 596 1055 Adiecimus
619 996 748 1056 indicem
777 997 958 1071 scriptorum
985 999 1016 1054 et
1043 995 1171 1056 iudicem
1194 997 1348 1056 verborum

336 1086 552 1164 plenissimum,
575 1104 635 1160 quo
658 1085 823 1161 composito
846 1088 880 1143 ut
902 1086 966 1162 iam·
986 1085 1046 1160 ipsi
1068 1085 1150 1143 haud
1173 1085 1347 1145 mediocrem

337 1175 504 1234 utilitatem
518 1174 604 1234 nobis
618 1176 800 1250 paravimus,
823 1175 868 1232 ita
885 1173 1021 1232 omnibus
1036 1176 1156 1250 gratum
1174 1193 1229 1234 nos
1246 1175 1347 1235 fecisse

337 1263 519 1323 confidimus.
564 1262 715 1322 Accedent
738 1265 905 1339 syntectica
928 1263 1074 1339 quaedam
1096 1263 1311 1322 memorabilia.

426 1351 546 1412 Gratias
592 1353 718 1429 denique
768 1371 822 1429 pro
868 1352 977 1411 oblatis
1022 1350 1171 1440 benediciis
1218 1371 1347 1430 agamus.

337 1441 554 1501 Skutschius
577 1443 656 1500 enim
678 1444 855 1518 praeceptor
872 1445 974 1501 noster
996 1440 1195 1517 iampridem
1217 1441 1346 1500 inomni

338 1549 428 1607 opera
448 1530 589 1589 adiuvare
603 1549 657 1590 nos
671 1530 786 1604 solitus,
801 1532 837 1589 ut
851 1530 923 1589 olim
937 1530 976 1589 ad
990 1529 1089 1589 studia
1102 1529 1285 1589 hirmiciana
1297 1548 1347 1589 nos

337 1619 479 1693 admovit
497 1623 542 1679 ita
560 1619 631 1678 huic
648 1638 766 1695 quoque
785 1619 883 1679 labori
904 1637 1020 1696 semper
1038 1619 1135 1678 adfuit
1152 1619 1347 1696 plagulasquc

336 1711 473 1782 correxit,
491 1727 588 1784 neque
607 1709 683 1768 altor
695 1708 887 1768 Aristarchus
906 1708 1104 1767 Firmicianus
1122 1707 1169 1765 W.
1185 1706 1347 1767 Krollius

335 1798 367 1856 id
399 1798 498 1874 ipsum
534 1816 643 1856 munus
679 1797 862 1857 invidiosum
899 1798 1047 1874 suscipere
1078 1795 1233 1856 crantibus
1265 1796 1347 1856 nobis

337 1887 449 1946 abnuit.
496 1886 615 1946 Tertius
638 1887 734 1946 libelli
757 1888 930 1946 emendator
951 1887 1111 1961 fautorque
1133 1886 1346 1945 benevolentis·

336 1975 427 2035 simus
452 1975 484 2033 F.
502 1975 644 2034 Bollius
668 1977 796 2049 exstitit,
820 1993 878 2052 quo
898 1975 1001 2035 eodem
1018 1975 1219 2034 intercedente
1237 1975 1347 2034 factum

336 2066 391 2137 est,
413 2067 448 2122 ut
469 2063 603 2124 Paulus
627 2064 807 2124 Lehmann
830 2065 866 2124 de
885 2064 994 2123 studiis
1012 2063 1073 2122 suis
1092 2063 1241 2122 Flacicuis
1260 2082 1346 2140 quae·

337 2153 405 2211 dam
424 2153 545 2212 adrem
562 2157 695 2214 nostram
714 2153 896 2230 pertinentia
913 2153 1024 2230 insigni
1042 2152 1182 2212 comitate
1197 2153 1347 2212 nobiscum

337 2241 577 2301 communicaret
622 2244 667 2302 De
690 2243 722 2302 P.
741 2243 874 2317 llhrlii,
897 2242 1085 2315 Huelseni‚
1114 2241 1257 2301 Koertii
1280 2259 1347 2320 erga

335 2349 390 2389 nos
404 2331 610 2393 benevolentia
623 2325 744 2408 p.xL1¹
757 2332 936 2391 rettulimus.
964 2331 1064 2407 Atque
1079 2331 1168 2389 etiam
1184 2333 1347 2406 praefectos

336 2419 541 2480 Bibliothecae
564 2421 677 2498 Regiae
700 2420 913 2480 Universitatis
936 2419 1181 2478 Vratislavicnsis
1204 2422 1235 2478 et
1254 2419 1347 2478 Tabu-

335 2509 407 2567 larii
429 2508 532 2571 Urbici
554 2510 780 2570 Ratisboneusis
806 2509 976 2586 petentibus
1003 2508 1089 2568 nobis
1116 2506 1244 2586 benigne
1267 2508 1347 2569 obse-

337 2601 422 2657 cutos
446 2616 509 2657 esse
532 2601 619 2674 grato
642 2601 742 2658 animo
766 2598 948 2658 confitemur.

355 2738 357 2741 ’
426 2737 634 2799 Vratislauiae.
655 2807 657 2813 y
772 2776 795 2818 .'
1171 2733 1206 2799 ll.
1229 2733 1260 2799 Ζ.
