3100 4359
337 405 379 468 82
683 405 821 461 FIRMICI
839 406 1006 461 Massam

336 594 405 635 non
424 575 554 634 nostis:
572 574 806 635 interficiens
824 574 970 635 necabis
988 594 1107 634 omnes
1123 577 1251 652 quiqui
1270 578 1351 633 sunt
1408 632 1409 649 ,

336 664 373 723 in
406 664 559 724 civitate
591 664 697 722 caede
730 664 860 741 gladii,
893 669 928 723 et
959 663 1129 724 incendes
1162 666 1352 724 civitatem
1408 692 1409 779 ,

336 753 429 831 igni,
452 755 486 812 et
504 755 575 812 erit
593 754 670 813 sine
688 753 916 828 habitaculo,
938 774 1008 814 non
1032 754 1296 813 aedificabitur
1317 755 1352 812 in

337 845 534 915 aeternum,
561 845 601 899 ut
628 846 818 902 avertatur
845 842 1008 903 dominus
1033 842 1074 902 ab
1096 843 1352 921 indignatione

226 948 268 993 101·
279 940 323 983 w
336 935 413 991 irae
432 950 523 991 snae.
544 927 549 1012 Ι
570 932 615 990 Et
633 932 734 991 dabit
752 930 823 991 tibi
841 922 1139 1007 misericordiam,
1154 936 1190 991 et
1208 934 1351 991 misere·
1374 952 1382 991 r

336 1022 437 1080 bitur
454 1021 521 1095 tui,
545 1026 580 1079 et
600 1020 870 1097 multiplicabit
891 1024 925 1078 te
950 1022 979 1079 si
1003 1022 1210 1080 exaudieris
1233 1040 1353 1081 vocem

337 1110 471 1169 domini
501 1110 558 1170 dei
590 1112 657 1184 tui,
688 1114 722 1169 et
752 1110 1003 1170 observaveris
1033 1115 1228 1187 praecepta
1250 1104 1354 1170 eius'

302 1200 557 1259 ³Misericordiae
593 1218 665 1257 suas
699 1199 785 1259 vobis
818 1201 1011 1259 sacratissimi
1048 1202 1242 1276 imperatores
1284 1200 1354 1259 deus

300 1312 303 1317 ·
336 1308 468 1349 summus
499 1288 633 1364 praemia
664 1289 836 1363 pollicetur,
869 1293 899 1348 et
931 1289 1173 1364 amplificationis
1205 1292 1354 1348 maximae

336 1381 497 1457 augmenta
532 1377 672 1436 decernit.
718 1378 821 1437 Facite
852 1380 955 1453 itaque
983 1378 1064 1454 quod
1090 1378 1187 1453 iubet,
1217 1380 1383 1455 conpletas

337 1467 418 1544 qnod
440 1468 593 1543 praecipit.
629 1467 773 1542 Auspicia
796 1469 896 1526 vestra
918 1467 1082 1527 maioribus
1105 1467 1257 1526 cumulata
1284 1472 1354 1527 sunt

336 1557 429 1616 donis.
454 1552 533 1633 (In)
548 1555 637 1614 initio
656 1556 727 1615 fidei
746 1556 839 1632 positi
853 1556 947 1615 divini
962 1557 1074 1616 favoris
1088 1558 1276 1616 incrementa
1292 1577 1353 1617 sen·

336 1648 426 1705 aistis.
458 1646 630 1722 Numquam
653 1664 705 1705 vos
728 1664 833 1703 manus
852 1645 900 1703 dei
918 1646 1087 1705 veneranda
1105 1645 1245 1720 deseruit,
1269 1667 1353 1705 num·
1410 1642 1411 1647 '

337 1754 426 1811 quam
451 1734 534 1793 vobis
557 1736 762 1795 laborantibus
786 1734 946 1811 denegavit
968 1736 1121 1794 auxilium.
1164 1734 1259 1795 Strati
1287 1740 1353 1796 sunt
1405 1751 1409 1797 'J

337 1824 559 1883 adversantium
573 1826 667 1898 cunei,
687 1833 717 1881 et
730 1823 909 1882 rebellantia
923 1828 992 1883 ante
1011 1828 1200 1901 conspectum
1220 1829 1352 1884 vestrum
1363 1844 1380 1883 u

336 1932 452 1989 semper
479 1932 563 1972 arma
590 1913 767 1973 oeciderunt.
813 1913 898 1973 Missi
926 1915 995 1972 sunt
1023 1915 1144 1990 superbi
1168 1914 1222 1973 sub
1247 1916 1351 1992 iugum

335 2002 453 2079 populi,
483 2004 514 2060 et
543 2002 662 2061 Persica
691 2005 762 2061 vota
792 2003 934 2078 conlapsa
964 2005 1042 2061 sunt.
1094 2004 1157 2063 Nec
1188 2007 1268 2063 stare
1302 2004 1351 2061 diu

336 2094 440 2151 contra
467 2110 520 2151 vos
547 2094 649 2167 potuit
670 2093 758 2151 malis
782 2093 844 2150 suis
867 2095 973 2150 ornata
997 2092 1165 2151 erudelitas.
1213 2093 1268 2151 Dei
1295 2094 1351 2152 vir·

334 2185 431 2240 tutem
467 2183 586 2257 utrique
623 2182 740 2240 diverso
771 2182 907 2240 sensistis
940 2186 1060 2240 eventu:
1097 2182 1183 2241 vobis
1215 2182 1352 2241 caelestis

335 2271 478 2330 victoriae
507 2289 615 2329 corona
642 2271 774 2344 conlata,
802 2273 832 2328 et
859 2269 1004 2329 felicitate
1032 2274 1131 2329 vestra
1154 2274 1257 2331 nostra
1281 2274 1405 2331 relea'

300 2362 445 2419 arantur
467 2358 662 2418 incommoda.
694 2359 778 2417 Haec
800 2358 884 2417 vobis
907 2358 979 2419 deus
1002 2376 1134 2419 summus
1158 2362 1353 2419 sacratissimi
1401 2315 1406 2435 i

335 2451 531 2523 imperatores
553 2467 609 2523 pro
631 2447 689 2505 fide
712 2451 813 2507 vestra
835 2447 965 2507 reddidit
987 2450 1133 2524 praemia,
1161 2450 1209 2509 his
1233 2468 1286 2509 vos
1310 2453 1352 2508 in-
1402 2445 1406 2454 '

336 2540 426 2597 terim
448 2540 651 2596 remuneratos
679 2536 846 2613 insignibus
875 2537 910 2596 ad
937 2555 1047 2597 arcana
1069 2539 1255 2598 venerandae
1278 2540 1354 2616 legis

335 2628 454 2687 invitat.
487 2626 567 2685 Pura
585 2629 698 2684 mente·
719 2626 826 2685 devota
845 2627 1039 2685 conscientia·
1060 2628 1232 2703 incorrupto
1251 2630 1352 2687 animo

336 2717 495 2775 clementia
523 2718 624 2775 vestra
653 2716 768 2773 caelum
799 2734 915 2791 semper
946 2717 1084 2792 aspiciat,
1117 2736 1134 2774 a
1158 2717 1214 2777 deo
1237 2737 1382 2793 sempera

336 2805 472 2881 expectet
500 2806 659 2879 auxilium,
693 2802 803 2863 Christi
831 2805 1031 2864 venerandum
1062 2825 1172 2864 numen
1203 2806 1351 2883 imploret,

336 2899 366 2953 et
388 2914 443 2971 pro
467 2895 562 2953 salute
586 2894 667 2953 orbis
689 2897 838 2951 terrarum
857 2912 891 2953 ac
909 2898 1025 2953 vestra·
1045 2895 1172 2954 salutari
1190 2896 1244 2955 deo
1263 2896 1351 2971 spiri·

425 3117 576 3189 lnegabie
586 3119 619 3171 P.
665 3115 889 3171 labertaturP.
938 3117 972 3170 ll
990 3118 1131 3171 comulata
1141 3120 1175 3173 P.
1225 3118 1261 3172 12
1275 3119 1349 3191 (in)
1403 3107 1407 3116 ¹

336 3191 399 3244 add.
416 3192 471 3243 Bu.
546 3188 582 3243 13
602 3187 728 3242 sensistis
747 3187 852 3257 Nriquri
871 3189 904 3241 P.
997 3189 1033 3243 15
1052 3189 1222 3243 rauellantia
1241 3190 1272 3243 Ρ,

336 3260 373 3315 18
397 3279 431 3316 cc
453 3261 548 3329 potuit
568 3262 620 3327 (sic
638 3262 675 3328 P)
696 3277 764 3314 corr.
783 3260 888 3329 poterit
902 3278 932 3329 p.
1025 3264 1141 3315 onerata
1161 3262 1218 3328 Ha,
1241 3264 1349 3315 armata

335 3334 385 3387 Fi.
451 3332 602 3386 crudelitas
623 3332 658 3385 Di
680 3334 710 3384 Ρ.
790 3331 828 3385 20
848 3330 976 3386 conlata·
997 3332 1161 3386 &felicitate
1180 3335 1222 3399 P;
1240 3336 1282 3386 est
1298 3348 1348 3402 pro

336 3407 365 3458 at
383 3406 432 3459 Ba
445 3404 503 3458 Ha.
577 3404 609 3456 21
634 3403 782 3457 incomodo
802 3405 834 3457 P.
909 3401 947 3457 24
966 3404 992 3458 d.
1006 3422 1033 3472 p.
1050 3403 1222 3459 conscientia
1240 3404 1303 3459 odd.

335 3474 374 3529 26
397 3491 498 3530 nomen
520 3477 554 3541 P,
577 3492 680 3528 numen
700 3493 722 3542 p
745 3476 838 3529 cadem
862 3476 987 3531 adhibita
1011 3478 1116 3531 litterae
1139 3494 1158 3528 u
1181 3478 1271 3544 forma
1293 3492 1346 3545 qua

1403 3759 1408 3802 t

426 3723 463 3779 14
488 3724 578 3777 Math.
597 3729 623 3789 6,
636 3728 675 3777 28
697 3740 749 3777 nec
771 3722 851 3776 Italis
875 3723 922 3777 Sol
946 3725 1098 3794 aliquando
1123 3725 1274 3796 denegabit
1295 3725 1342 3777 im·

335 3796 422 3867 peria.
496 3794 535 3847 26
554 3795 588 3861 cs.
604 3796 642 3848 ad
660 3799 751 3860 31,18
769 3800 794 3847 et
813 3799 856 3861 54,
866 3800 891 3849 9.
