3100 4359
657 392 811 453 ²56.
1111 387 1225 441 XXXIII

207 556 368 615 mirabitur
386 557 521 632 quisquis
540 574 565 615 c.
578 555 610 614 Π
625 557 643 615 9
661 550 940 616 (ΥΝΧΕΡΟΜΕΝ
960 575 1014 632 pro
1030 555 1224 634 συγχαίρομεν
1294 573 1296 578 ·

206 649 236 704 et
254 640 527 705 ametritae
549 644 695 720 scriptum
717 663 780 705 esse
802 663 856 721 pro
882 644 994 722 νυμφίε
1013 644 1223 704 observaverit.

207 735 261 793 Est
278 735 359 792 ratio
377 734 410 791 in
427 733 483 793 hac
502 732 696 793 absurditate.
730 733 789 792 Sed
808 733 880 810 quid
894 737 941 794 est
954 730 1104 806 συλλέξιεῖ
1124 733 1225 794 Possis

209 825 343 900 cogitare
367 822 533 882 derivatum
556 841 619 881 esse
642 822 824 882 adiectivum
847 822 997 900 quoddam
1020 821 1167 895 συλλὲξιος
1187 824 1223 882 de

207 911 397 972 substantivo
421 904 593 991 σύλλεξιςι),
616 913 697 988 quod
715 915 750 970 nt
774 907 960 972 ‘conventus'
979 913 1027 971 vel
1050 911 1157 983 θίασος
1179 914 1223 970 in·

206 1002 348 1078 allegas,
370 1001 448 1060 unde
471 998 620 1073 συλλέξιος
648 1005 684 1060 ut
706 1000 858 1078 θιασώτης
881 1001 929 1060 vel
951 1002 1012 1060 tale
1037 1000 1110 1076 quid
1132 1001 1223 1060 inter-

206 1091 342 1167 preteris.
389 1089 448 1148 Sed
482 1091 539 1149 hoc
574 1109 678 1149 verum
714 1109 777 1150 esse
812 1092 862 1151 vix
899 1089 1066 1166 credamus,
1102 1094 1132 1149 et
1163 1091 1225 1149 levi

206 1180 375 1238 mutatione
393 1178 576 1255 probabilem
596 1178 832 1238 emendationem
850 1179 983 1239 invenire
998 1179 1111 1238 frustra
1125 1181 1224 1238 conati

207 1286 318 1343 snmus,
342 1268 480 1342 quamvis
502 1269 598 1327 multa
620 1269 817 1343 tentaremus,
845 1286 922 1344 quae
950 1286 1121 1327 enumerare
1148 1269 1224 1326 nihil

206 1358 307 1417 refert.
353 1357 455 1416 Nihilo
487 1358 586 1417 miuus
617 1360 683 1416 tota
712 1376 814 1417 versus
847 1359 995 1416 sententia
1017 1356 1137 1416 videtur
1158 1376 1224 1432 per-

208 1448 313 1522 spicua
336 1463 407 1505 esse.
452 1445 531 1504 Nam
560 1465 628 1506 cum
658 1446 818 1505 obscurum
845 1446 921 1504 illud
951 1446 1130 1505 adiectivum
1153 1462 1223 1506 συν-

206 1532 290 1607 λέξιε,
309 1538 379 1593 utut
401 1535 617 1594 emendandum
636 1538 689 1609 est,
712 1554 831 1595 sensnm
849 1536 910 1594 fere
928 1534 1066 1595 habuisse
1085 1533 1224 1595 adiectivi

205 1625 336 1684 alicuius
373 1625 462 1699 quale
499 1619 672 1701 ‘particeps'
705 1628 736 1684 et
772 1644 839 1684 cnm
871 1625 1009 1701 genetivo
1045 1623 1225 1701 βοοκλοπίης

205 1712 384 1773 struendum
403 1731 464 1772 esse
483 1715 548 1771 veri
566 1713 703 1772 videatur
721 1714 915 1787 simillimum,
934 1714 1010 1771 hanc
1028 1713 1086 1771 nisi
1105 1713 1224 1791 egregie

205 1802 342 1861 fallimur
375 1801 520 1861 habemus
556 1804 747 1862 sententiam:
788 1797 913 1877 ‘Mysten
949 1802 1099 1879 particeps
1133 1801 1224 1860 boum

204 1894 312 1967 raptus
335 1893 430 1966 patris
453 1885 586 1968 augusti'
608 1891 688 1966 quod
711 1891 790 1950 idem
809 1895 854 1950 est
873 1894 963 1966 atque
984 1885 1114 1949 ‘initiate
1132 1892 1224 1951 sacris

204 1974 357 2040 Mithrae'.
380 2011 425 2020 -
446 1979 495 2038 An
531 1980 607 2039 latet
642 1980 674 2039 in
709 1981 765 2039 illa
800 1999 873 2040 voce
908 1981 1105 2056 imperativus
1142 1981 1225 2039 velut

206 2061 424 2150 cattdadcvs')
439 2060 534 2149 (quod
552 2070 680 2145 exempli
698 2071 797 2146 gratie
816 2070 1002 2144 proferimus,
1021 2087 1080 2127 non
1100 2088 1159 2144 qno
1179 2064 1223 2129 sic

208 2158 361 2217 emendari
382 2176 469 2233 posse
492 2151 698 2239 censeamus)?

296 2246 391 2306 Paulo
413 2249 482 2322 post
507 2247 683 2321 Oaafarice
705 2247 776 2322 topia
797 2248 940 2321 fapc'cada
963 2250 1122 2306 commenta
1144 2248 1222 2325 lege·

206 2337 297 2396 batur
319 2355 338 2395 a
360 2336 461 2395 Flacio
487 2339 518 2395 et
546 2337 707 2412 Bursian03
737 2337 883 2396 barbarae
911 2356 965 2413 pro
992 2338 1127 2409 nefariae
1149 2337 1224 2414 legit

204 2425 478 2498 Reifferscheidins,
511 2425 562 2485 sed
594 2426 768 2485 barbaricae
800 2425 988 2484 scribendum
1021 2443 1083 2485 esse
1107 2428 1224 2485 censuit

205 2514 355 2588 Halmius,
379 2509 460 2573 ‘nam
482 2516 623 2590 spatium,
646 2515 726 2591 qnod
747 2514 862 2574 indicat
885 2514 1005 2589 Lorenn,
1033 2516 1128 2574 maius
1158 2510 1223 2575 est'.

206 2603 296 2674 Quod
318 2605 398 2662 recte
421 2603 575 2677 conclusit,
592 2623 663 2662 nam
681 2623 736 2663 nos
753 2604 872 2664 litteras
895 2603 1100 2674 barbaricam
1124 2602 1223 2663 codice

205 2692 372 2752 certissime
395 2692 585 2768 disponimus.

296 2781 387 2840 Imtio
417 2783 484 2841 folii
514 2782 643 2841 5¹01im
675 2781 730 2841 aab
761 2782 860 2840 verbis
888 2801 962 2860 an,
997 2781 1115 2857 scriptis
1149 2800 1224 2855 qaae

205 2874 326 2930 amicta
357 2872 446 2944 clipeo
478 2873 571 2931 lorica
602 2875 676 2931 aaa
706 2871 760 2930 has
792 2872 910 2930 litteras
942 2870 1137 2947 disponimus:
1169 2889 1224 2944 qao

204 2963 326 3019 amaata
349 2961 419 3019 clia.
447 2960 518 3019 tor...
544 2965 587 3020 tac
608 2952 698 3041 (Mus.
717 2960 811 3021 Rhea.
830 2959 883 3018 LX
910 2959 997 3032 279).
1022 2959 1127 3019 deinde
1155 2967 1222 3018 oum

204 3048 416 3108 Friedrichius
432 3049 452 3106 l.
472 3068 495 3108 c.
514 3069 543 3125 p.
563 3051 583 3109 8
607 3049 718 3109 collato
742 3049 807 3110 loco
830 3049 960 3110 Macrob.
984 3048 1046 3108 Sat.
1064 3049 1088 3123 Ι,
1110 3051 1160 3126 17,
1183 3051 1221 3108 16

206 3130 441 3220 (Eyssenhardt)
471 3137 609 3198 editionis
638 3139 784 3215 principis
812 3139 903 3198 verba
930 3143 964 3198 at
985 3141 1102 3197 armata
1125 3139 1222 3212 clypco

205 3228 300 3285 lorica
329 3227 463 3286 taor-aeae
491 3228 592 3302 plodio
616 3229 749 3287 attacta
781 3229 878 3305 magis
911 3228 949 3286 ed
980 3246 1043 3286 rem
1074 3228 1223 3302 pertinere

205 3316 416 3391 contendisset,
439 3335 529 3392 quam
553 3335 631 3394 quae
654 3317 686 3374 in
709 3317 810 3376 codice
833 3319 948 3376 exstare
967 3316 1147 3390 viderentur,
1170 3315 1223 3373 dn·

205 3405 370 3465 bitavimus
393 3397 478 3486 (ibid.
502 3425 530 3481 p.
554 3397 644 3486 419).
690 3407 732 3465 At
754 3406 862 3464 iterum
885 3406 950 3466 loco
974 3405 1133 3483 diligenter
1155 3423 1222 3463 exe-

205 3496 322 3553 minato
352 3511 407 3570 pro
434 3497 516 3554 certo
548 3494 698 3554 affirmare
729 3513 885 3570 possumus
915 3495 988 3554 haec
1011 3493 1124 3569 scripta
1147 3511 1222 3553 esse:

297 3630 324 3697 1)
343 3644 514 3696 quamquam
533 3627 611 3681 aliud
630 3628 697 3682 talis
721 3629 904 3683 derivationis
928 3627 1087 3698 exemplum
1109 3630 1222 3696 praesto

204 3698 289 3754 nobis
307 3716 365 3752 non
384 3715 444 3753 esee
463 3699 634 3754 confitemur.

223 3803 227 3815 ·
297 3773 324 3839 2)
342 3769 388 3825 vel
406 3770 501 3839 potins
520 3770 649 3836 συλλάζεο
667 3774 700 3825 ut
717 3773 815 3825 monet
832 3770 963 3824 Krollius.

259 3879 373 3920 rumim
386 3879 505 3920 Eatenus
518 3879 553 3918 ed
568 3879 689 3928 ziagler.
1048 3875 1062 3912 θ
