3100 4359
358 401 398 464 18
694 399 832 455 FIRMIOI
850 400 1019 454 MATERNI

356 571 435 629 enim
465 588 532 628 eum
562 570 657 628 secuti
686 572 756 629 sunt
786 571 955 645 stuprorum
986 573 1018 628 et
1039 570 1223 647 flagitiorum
1247 590 1284 629 ac
1309 570 1371 628 libi·

258 657 459 716 s01⁷rdinum
481 658 555 718 socii
569 691 611 699 —
625 678 678 734 per
701 678 801 719 omnes
826 677 892 717 oras
914 658 1007 718 vicini
1028 660 1120 718 maris
1141 654 1145 735 l
1167 677 1233 717 eum
1256 677 1371 718 summa

320 754 336 802 8
355 748 554 823 trepidatione
572 747 783 823 disperationis
802 749 921 807 erravit.
957 748 1025 808 Illic
1042 750 1122 807 inter
1140 748 1237 807 ebrias
1255 749 1369 824 puellas

356 841 386 896 et
404 837 572 896 vinolentos
592 855 683 911 senes,
707 856 774 895 curn
793 837 889 895 adhuc
908 856 976 895 eum
994 838 1138 897 scelernm
1156 856 1269 913 pompa
1289 856 1369 913 prae-

356 926 485 1000 cederet,
517 927 594 984 alter
623 928 709 1003 nigro
740 928 853 985 amictu
882 928 991 1000 taeter,
1025 927 1101 985 alter
1131 930 1249 985 ostenso
1276 944 1396 1005 angues

355 1014 512 1089 terribilis,
542 1016 620 1073 alter
649 1018 788 1075 cruentus
820 1035 870 1076 ore
901 1015 971 1073 dum
1001 1017 1071 1074 riva
1094 1015 1214 1091 pecodis
1238 1016 1369 1074 membra

356 1104 512 1179 discerpit,
544 1104 722 1181 aLycurgo
752 1105 971 1180 conprehensus
994 1123 1048 1179 per
1069 1106 1235 1179 proximam
1258 1114 1369 1181 rupem,

357 1212 434 1269 quae
456 1196 625 1252 inmensum
647 1194 857 1270 praecipitium
880 1195 959 1252 saxis
982 1192 1073 1251 inviis
1096 1193 1216 1266 fecerat,
1239 1195 1272 1251 in
1293 1212 1369 1253 mare

355 1283 584 1359 praecipitatur,
620 1286 655 1340 ut
685 1283 815 1341 lacerum
848 1300 954 1360 corpus
985 1283 1110 1340 marinis
1143 1282 1195 1340 diu
1225 1284 1369 1343 iactatum

355 1372 493 1430 fluctibus
525 1372 689 1429 errantium
725 1371 903 1447 populorum
940 1373 1055 1429 animos
1087 1370 1126 1429 ad
1160 1373 1303 1432 sanitatis
1340 1390 1396 1430 acu

290 1474 337 1524 (8⁶)
355 1460 527 1520 sobrietatis
573 1459 706 1518 ordinem
755 1479 859 1520 severa
907 1460 1163 1520 animadversione
1208 1464 1369 1520 revocaret.

355 1550 443 1609 Hunc
465 1548 554 1607 finem
577 1547 676 1607 Liberi
695 1549 842 1608 Homerus
865 1552 900 1608 nt
924 1552 953 1609 et
970 1551 1077 1626 fugam
1091 1552 1121 1608 et
1139 1549 1368 1625 trepidationem
1404 1606 1405 1621 ,

355 1640 515 1717 detegeret,
539 1642 569 1697 et
591 1642 626 1697 ut
649 1638 817 1697 ostenderet
838 1640 974 1712 mortem,
998 1640 1054 1698 ait:

675 1725 831 1797 Διώνυσος
851 1722 883 1787 δὲ
901 1724 1050 1805 φοβηθεὶς

436 1816 526 1875 δῦσεν
548 1812 618 1887 ἁλὸς
640 1813 714 1875 κατὰ
736 1823 830 1889 κῦμα·
855 1814 939 1888 Θέτις
958 1810 986 1875 d'
1012 1814 1172 1889 ὑπεδέξατο
1195 1815 1297 1902 κόλπῳ
1380 1832 1396 1873 1s

436 1904 576 1965 δειδιότα·
600 1903 738 1985 κρατερὸς
760 1902 815 1984 γὰρ
840 1903 902 1983 ἔχεν
925 1905 1032 1983 τρόμος
1054 1904 1165 1983 ἀνδρὸς
1188 1902 1311 1991 ὁμοκλῇ.

321 1994 497 2052 almitatur
517 1999 549 2052 te
572 1994 707 2072 Lycurge
726 1997 757 2052 et
775 1994 907 2053 sobrium
929 1997 1101 2054 institutum
1124 1998 1209 2054 tuum
1229 1998 1369 2071 sequitur,

355 2102 446 2142 neca
465 2083 645 2143 salutaribus
664 2084 724 2143 tuis
744 2083 859 2161 legibus
874 2084 1022 2143 exorbitat
1040 2084 1131 2143 etiam
1150 2085 1253 2144 consul
1270 2089 1369 2145 noster

355 2173 533 2232 Postumius.
588 2173 666 2231 Nam
703 2173 780 2232 sicut
816 2173 847 2231 in
883 2172 968 2232 libris
1005 2172 1162 2232 annalibus
1193 2175 1368 2245 invenimus,

354 2262 621 2321 Bacchanaliorum
659 2263 770 2321 scelera
806 2256 978 2339 <Ae>butio
1017 2261 1146 2338 quodam
1183 2262 1396 2322 adulescentes

356 2351 504 2410 deferente
523 2351 640 2409 demota
664 2354 742 2409 sunt.
780 2351 876 2409 Erant
895 2350 991 2410 adhuc
1008 2352 1041 2408 in
1058 2350 1132 2410 urbe
1146 2351 1243 2410 Roma
1260 2352 1368 2429 integri

446 2502 482 2556 rs
501 2504 538 2557 n.
554 2508 579 2569 e,
595 2507 655 2556 res.

446 2647 461 2698 l
482 2646 617 2713 struporu
627 2646 661 2698 P.
725 2645 743 2698 8
763 2644 967 2714 desperationis
982 2662 1025 2713 pr,
1045 2647 1079 2712 ef.
1094 2650 1187 2712 20,20
1205 2653 1230 2700 ct
1249 2646 1287 2699 ud
1306 2650 1329 2711 6,
1344 2652 1367 2699 4.

355 2714 373 2769 4
393 2716 551 2771 vinonettoa
566 2717 599 2782 P,
618 2733 666 2769 em.
682 2717 732 2771 Fe.
806 2718 831 2771 d.
843 2734 873 2785 p.
889 2733 968 2771 senes
983 2718 1047 2771 cdd.
1131 2716 1270 2787 paederdc·
1285 2717 1322 2770 Et
1334 2719 1368 2780 P,

355 2804 402 2841 err.
418 2789 474 2842 Bu.
547 2786 658 2841 bteter
671 2789 705 2841 P.
782 2787 936 2857 dpecudis
946 2806 991 2857 pr.
1070 2788 1084 2841 7
1105 2790 1130 2843 d.
1142 2806 1172 2857 p.
1187 2804 1286 2857 rupem
1305 2789 1368 2843 adu.

355 2859 420 2913 sut
433 2861 512 2913 babet
525 2860 559 2925 P,
569 2876 714 2927 perperam
728 2861 759 2912 at
773 2860 889 2914 BcHa.
928 2858 964 2912 12
980 2860 1216 2929 etpriusompr.
1255 2860 1291 2913 13
1306 2861 1330 2912 d.
1337 2878 1366 2927 p.

356 2931 500 3001 detegeret
518 2930 582 2984 add.
676 2928 713 2983 14
733 2932 881 2985 ΦΟΒΗΘΙ(
900 2932 932 2985 Ρ.
1021 2930 1192 2985 15ΔΥΕΕΝ
1213 2934 1247 2997 P,
1266 2927 1365 2986 δύσεθ’

355 3018 416 3055 cum
431 3002 481 3055 Wc
499 3002 558 3055 edd.
574 3018 645 3055 omn,
711 3004 838 3057 ΚΟΛΙΠΩ
858 3004 891 3057 Ρ.
977 3000 1014 3054 16
1033 3004 1174 3057 ΔΙΔΙΟΤΑ
1189 3004 1222 3056 P.
1288 3003 1366 3056 ΑΝΑ·

356 3074 418 3128 ΡΟ(
437 3074 470 3127 P.
552 3073 588 3125 19
607 3071 679 3125 Livii
692 3091 747 3141 pro
765 3072 845 3127 libris
867 3073 916 3139 Gr,
935 3074 1008 3141 quod
1026 3074 1230 3127 commendatur
1249 3091 1278 3128 eo
1298 3073 1367 3141 qued

356 3146 387 3198 iu
411 3145 533 3199 Matlresi
554 3145 710 3198 Firmtcum
735 3146 817 3199 Liuio
841 3152 949 3199 auctore
972 3160 1053 3199 usum
1076 3162 1129 3199 esse
1153 3145 1204 3199 Mo
1222 3163 1253 3213 p.
1269 3150 1365 3213 dosqq.

350 3217 488 3285 probauit.
544 3215 581 3269 20
600 3215 807 3269 Bachanaliorsr
826 3217 858 3269 P.
908 3214 1010 3269 'butio
1029 3218 1069 3269 sic
1083 3218 1118 3282 P,
1137 3222 1168 3270 ct
1186 3217 1287 3271 lineola
1306 3222 1367 3269 cute

356 3287 374 3340 b
393 3289 483 3357 poerit
510 3304 563 3341 esse
590 3288 671 3341 hasta
698 3293 855 3342 transversa
881 3289 1007 3355 superior
1030 3288 1135 3341 litterae
1158 3288 1177 3342 Ε
1200 3290 1232 3341 iu
1251 3288 1368 3355 evemplo

356 3359 468 3414 librarii
481 3359 611 3412 Palatini
623 3359 739 3424 sonasse
752 3376 810 3412 non
823 3360 892 3413 satis
910 3360 1036 3413 distincte
1053 3360 1186 3427 emptam
1204 3375 1367 3428 quamquam

355 3430 511 3485 maiuscula
533 3431 625 3484 littera
648 3431 724 3483 intra
746 3432 907 3484 cocuntium
929 3436 1002 3484 stare
1025 3431 1074 3484 cix
1091 3432 1193 3498 potuit,
1216 3432 1275 3485 nisi
1300 3431 1367 3495 forte

356 3502 513 3556 modalibus
541 3501 638 3555 litteris
661 3501 733 3555 illud
759 3503 910 3570 enemplcm
932 3502 990 3567 fcit
1011 3503 1150 3569 emptum.
1188 3500 1292 3556 Ebutio
1318 3502 1367 3565 Fl,

356 3572 477 3626 Aebutio
491 3574 602 3640 primus
623 3572 667 3637 Oe,
686 3573 721 3637 cf.
737 3572 799 3627 Lic.
816 3574 859 3639 39,
875 3576 954 3641 9sqq.

445 3713 462 3767 2
483 3712 870 3769 Mart.LXXXlxr1112
893 3731 956 3768 cum
984 3714 1106 3769 maxima
1134 3714 1224 3768 animi
1246 3715 1366 3784 trepida·

354 3785 441 3845 tione.
460 3786 494 3851 cf.
510 3786 556 3839 Kr
573 3790 598 3837 et
616 3784 662 3851 St,
677 3786 770 3839 Herm.
783 3785 893 3840 XXIX
907 3790 967 3840 523.
1028 3785 1046 3840 5
1066 3788 1194 3841 ostenso:
1210 3787 1245 3853 cs.
1262 3789 1312 3841 Mo
1327 3791 1365 3841 11.
