3100 4359
606 405 792 465 =1⁹³·-s:oz÷·
936 414 947 436 ·
1078 400 1221 457 :anxur

211 569 465 645 uosrhylhnicis
488 568 674 628 rationibus:¹
694 572 880 644 putaremus>
902 568 1134 645 quodammodo
1154 589 1220 630 eam

211 660 338 717 excusari
368 676 464 732 posse.
509 657 553 716 At
575 657 657 734 quod
681 658 705 731 Q
727 658 913 734 legebamus,
947 656 1054 733 Oest,
1086 658 1221 734 quodni

209 745 439 820 videbatnr,..est
456 765 499 821 m,
522 747 638 823 quodd.
655 746 854 825 credebamus,
877 765 899 805 c
917 751 962 806 est
981 738 1072 827 (quae
1090 748 1220 823 litterae,

201 835 259 897 ubi.
278 838 426 911 scriptura
448 837 510 894 fere
532 853 654 911 prorsus
677 837 808 909 euanuit,
836 854 895 894 non
917 836 1114 895 ita-multum
1137 836 1220 896 diffe-

202 916 302 1004 nne),
335 942 410 1001 quas
442 925 569 1000 denique
596 925 713 984 litteras
742 928 777 983 ut
800 929 826 982 et
848 927 878 984 et
899 927 1014 1000 priores
1037 927 1068 984 et
1090 943 1144 985 nos
1169 945 1220 1002 ag·

205 1014 412 1087 noscebamus,
445 1014 509 1073 sola
533 1033 547 1074 c
570 1018 627 1073 est·
645 1015 734 1072 hasta
758 1016 856 1092 aucta
879 1015 1051 1076 transverse
1077 1014 1221 1092 longiore,

201 1121 372 1177 ,quamnos
395 1103 469 1166 olim
490 1103 610 1162 litterae
638 1104 800 1162 thastam,
818 1105 1000 1178 superiorem
1023 1103 1220 1181 fingebamus:

207 1190 296 1255 Omne
319 1194 397 1251 enim
417 1193 494 1264 cuod
511 1197 607 1266 potest
627 1193 722 1252 dividi
745 1209 849 1265 corpus
873 1196 914 1250 est
936 1184 971 1273 (4
991 1185 1123 1270 creticil)
1140 1196 1221 1252 recte

204 1299 234 1339 se
255 1281 366 1340 habere
389 1284 523 1358 apparet.
570 1279 710 1340 Conferre
737 1286 838 1340 tamen
866 1282 956 1340 liceat
978 1281 1077 1340 locum
1100 1281 1180 1354 XIV,
1201 1284 1219 1340 2

198 1370 284 1429 Nom
306 1387 407 1431 «omae.
431 1371 698 1443 quoa-cescmtcr
732 1371 990 1443 conceperas
1026 1375 1153 1429 coeatur.
1177 1401 1220 1411 ——

199 1459 299 1519 Paulo
337 1461 407 1534 post
441 1459 494 1517 ubi
532 1456 556 1516 O
587 1461 702 1533 eyrepic
732 1459 817 1518 noble
843 1459 1023 1518 ¹videbamur
1054 1462 1221 1536 perspicere

203 1567 237 1605 ex
272 1547 387 1606 Krollii
423 1547 607 1622 coniectura,
643 1548 864 1623 decipiebantur
903 1548 1011 1608 unciali
1047 1549 1166 1608 litterae
1199 1545 1221 1609 Ε

201 1637 314 1712 forma,
351 1655 410 1712 qua
447 1655 558 1696 novum
594 1637 680 1696 colon
717 1639 887 1712 incipitnrr
914 1637 991 1696 nihil
1006 1667 1009 1672 Δ
1027 1638 1120 1714 igitur
1156 1658 1220 1697 mu·

198 1726 337 1784 tandum.
574 1768 576 1771 .
955 1757 957 1761 Α

291 1814 329 1873 In
358 1814 430 1873 folio
465 1816 521 1872 12v
549 1808 626 1895 (cap.
650 1814 708 1875 XII
733 1808 847 1893 8sqq.)
872 1833 932 1880 non
963 1815 1111 1874 Saturnus
1133 1833 1221 1890 rcyno

199 1907 307 1966 timores
330 1904 428 1962 exstat
449 1905 482 1960 in
505 1904 605 1962 codice
627 1903 693 1962 looo
712 1903 936 1978 obscurissimo,
954 1907 989 1962 ut
1006 1905 1125 1964 Flauius
1145 1907 1220 1967 cete

198 1995 287 2070 rique
310 1993 464 2069 legebant,
493 1991 547 2052 sed
560 2009 689 2067 proquo,
716 1995 735 2051 i.
760 2012 784 2051 e.
803 2010 861 2067 pro
884 2011 971 2066 rocco
995 1996 1105 2052 timeus.
1151 1993 1220 2052 Mox

199 2083 251 2143 ubi
265 2084 401 2155 deceptus
415 2082 569 2155 (Joppuc
582 2080 702 2155 dormo)
726 2101 795 2142 cum
813 2082 916 2143 Flaoio
935 2082 1111 2157 scribebant,
1131 2101 1221 2157 quarn

198 2191 305 2231 vocem
327 2172 359 2229 in
382 2171 411 2229 P
429 2171 492 2229 fere
516 2170 670 2230 evanuisse
692 2171 831 2235 Halmius
855 2173 997 2245 testatur,
1026 2189 1080 2230 nos
1103 2172 1220 2230 litteras

198 2263 266 2320 ioci
280 2261 446 2319 certissime
460 2260 651 2334 dispeximus,
674 2279 743 2318 cum
765 2261 886 2326 litterae
905 2263 952 2322 ros
965 2261 997 2318 in
1010 2279 1105 2323 novae
1123 2261 1221 2326 lineae

184 2351 289 2411 ninitio
314 2351 436 2408 omnino
459 2348 557 2407 clarae
581 2350 649 2408 sint.
695 2349 781 2410 Novo
812 2352 855 2408 sio
878 2349 991 2412 lumine
1008 2349 1117 2408 ‘oratio
1134 2369 1220 2412 orna·

196 2443 267 2498 tur:¹
295 2439 340 2496 Er
361 2443 462 2498 contro
493 2439 668 2497 volontatem
697 2441 800 2496 oroma
824 2443 850 2496 ct
871 2439 952 2510 filice
978 2439 1114 2499 Troianis
1137 2441 1220 2498 aocc-

197 2530 273 2588 zum
297 2529 395 2600 ferens
416 2529 527 2586 cviros
549 2528 825 2600 Joppueruormo.
862 2527 1119 2603 Respondentibus
1143 2528 1221 2588 inter

196 2637 230 2678 se
258 2616 392 2677 vocibus
429 2620 530 2675 contro
568 2618 744 2675 volontatem
781 2619 810 2675 et
845 2618 955 2674 comtos
991 2616 1116 2674 ridenda
1152 2616 1219 2675 deo·

195 2727 266 2766 rum
291 2706 425 2765 interae
449 2708 600 2765 contentio
628 2724 688 2764 non
716 2707 780 2763 sine
803 2705 865 2767 sale
888 2705 1034 2764 illuditur.
1059 2704 1220 2763 -Paulo

195 2799 271 2872 post
302 2812 388 2854 cocus
418 2813 472 2871 pro
502 2795 597 2854 cultus
626 2797 759 2870 priorum
782 2796 843 2853 iam
867 2794 939 2852 olim
961 2794 1220 2869 perspiciebamus,

195 2887 233 2944 de
268 2885 370 2961 priore
403 2884 549 2943 adiectivo
582 2883 728 2945 attributo
761 2883 985 2958 dubitabamus,
1002 2921 1004 2930 .
1022 2895 1121 2957 nunc,
1142 2883 1221 2958 quod

195 2976 259 3033 iam
293 2975 366 3031 tunc
402 2975 510 3032 incerti
541 2971 792 3048 proponebamus,
829 2973 903 3030 satis
920 2972 1023 3031 *certis
1056 2974 1088 3030 in
1120 2971 1220 3031 codice

195 3063 338 3138 vestigiis
352 3061 476 3135 inducti,
491 3062 589 3127 acerbi
601 3061 795 3120 restituimus.
828 3060 995 3120 Comuntur
1009 3063 1087 3119 enim
1100 3062 1220 3120 litterae

196 3155 230 3215 ui
264 3151 417 3225 finientes,
449 3155 479 3208 et
511 3149 631 3209 modulo
665 3149 792 3208 adducto
830 3151 961 3225 spatium
998 3152 1220 3212 accuratissime

196 3258 364 3318 congruere
386 3239 516 3298 vidimus
540 3257 607 3296 cum
630 3258 664 3298 eo
689 3241 801 3314 spatio,
823 3239 902 3314 quod
927 3239 994 3298 aliis
1018 3240 1127 3300 codicis
1146 3240 1219 3300 locis

195 3349 258 3392 vox
291 3331 392 3388 merui
414 3359 456 3368 -—
481 3329 523 3387 sio
555 3330 634 3387 enim
664 3347 780 3402 semper
808 3347 862 3402 pro
890 3329 987 3387 acerbi
1010 3331 1154 3405 scriptum
1176 3361 1220 3369 —

196 3419 312 3495 explet,
342 3417 457 3477 scilicet
483 3416 555 3478 XVI
574 3419 603 3476 3.
626 3416 696 3474 XIX
717 3419 742 3474 7.
790 3416 905 3477 Deinde
933 3435 992 3476 non
1020 3417 1071 3478 Ao
1098 3421 1219 3477 mimum

197 3509 313 3567 aarum
345 3506 396 3565 sed
418 3505 470 3565 Ad
491 3507 595 3565 borum
617 3523 654 3583 c,
686 3509 716 3564 et
739 3505 859 3564 difficile
884 3509 929 3565 est
951 3506 1114 3585 intellectu,
1147 3526 1218 3583 quo·

190 3712 297 3782 *Halm
316 3728 367 3766 coer
384 3713 482 3766 accim
499 3712 634 3766 occultare
653 3742 694 3764 ;;.
714 3718 814 3766 acceto
832 3711 908 3766 sict?
936 3711 1030 3765 nullus
1049 3712 1141 3765 adhuc
1160 3711 1219 3766 edi-

196 3783 364 3840 turultium
383 3781 542 3852 suspicatus
562 3785 612 3836 est.
682 3816 687 3824 --
893 3811 894 3820 a
