3100 4359
341 390 384 455 36
693 388 1018 443 rmuiolunrnsur

305 578 321 625 2
342 558 541 617 Simulacrum
567 559 623 616 hoc
647 558 785 616 Troianis
809 557 917 615 Abaris
941 556 1076 617 vendidit
1104 556 1208 616 stultis
1231 554 1350 614 bomini-

229 648 398 713 foi.1r⁰bus
421 667 499 707 vana
522 648 706 724 promittens.
740 646 931 705 Vendebatur
954 646 1026 705 deus
1043 637 1047 727 l
1064 648 1099 704 ut
1121 645 1276 721 prodesset
1299 663 1351 701 em·

341 739 430 814 ptori‚
454 740 484 795 et
507 739 623 811 emptor
644 737 821 811 suppliciter
843 735 989 794 adorabat
1011 737 1150 811 quicquit
1171 734 1266 809 paulo
1290 736 1351 790 ante

341 827 458 887 viderat
485 825 700 884 subhastatum.
747 824 923 883 Substantia
952 827 1051 884 autem
1080 824 1234 883 simulacri
1264 823 1351 897 ipsius

341 936 378 974 ex
407 915 521 974 ossibus
554 914 673 989 Pelopis
705 917 758 973 cst.
806 913 838 972 Si
867 913 999 972 humana
1031 916 1077 972 vis
1107 913 1202 971 Abari
1234 914 1379 971 miserest

342 1005 476 1063 homines
500 1023 568 1062 ossa
588 1005 734 1078 venerari,
758 1004 886 1077 purioris
905 1003 1006 1061 saltim
1025 1005 1055 1061 et
1074 1003 1210 1062 castioris
1229 1002 1352 1059 hominis

341 1094 485 1169 reliquias
513 1093 627 1169 collige.
673 1091 806 1151 Accedat
836 1092 918 1150 idolo
946 1092 1027 1167 quod
1053 1092 1136 1167 faciS,
1165 1111 1200 1149 ex
1229 1089 1353 1149 hominis

342 1183 505 1242 virtutibus
533 1183 680 1240 meritum.
726 1182 833 1256 Pelops
860 1181 892 1239 in
920 1181 1034 1240 deliciis
1062 1182 1205 1239 amatoris
1232 1179 1304 1252 fuit,
1330 1182 1355 1236 et

343 1272 396 1330 diu
422 1273 578 1348 prostituti
604 1271 726 1345 pudoris
754 1271 864 1329 damna
891 1270 1041 1329 sustinuit.
1089 1269 1147 1328 Sed
1173 1287 1228 1327 nec
1257 1268 1354 1327 adulto

343 1362 372 1418 ei
395 1361 491 1419 scelus
519 1360 627 1419 defuit:
655 1379 722 1417 enm
749 1359 833 1419 cuius
859 1358 961 1417 filiam.
981 1359 1103 1434 petebat
1130 1358 1236 1417 fraude
1261 1358 1382 1434 prodi-u

343 1450 418 1509 toris
446 1449 562 1523 occidit,
589 1448 771 1525 proditorem
799 1451 891 1506 etiam
918 1448 1015 1523 ipsum
1041 1449 1177 1523 periurus
1202 1447 1355 1525 adgressus

345 1546 398 1613 est,
426 1541 456 1597 et
483 1558 520 1597 ne
546 1540 693 1613 promissa
719 1538 856 1596 redderet
882 1537 1025 1613 praemia,
1052 1538 1131 1595 hunc
1157 1537 1288 1596 eundem
1311 1555 1356 1611 per

345 1628 473 1703 abrupta
499 1628 676 1703 praecipitia
703 1626 836 1685 iactavit.
883 1628 930 1684 En
958 1629 1041 1685 emus
1071 1628 1167 1686 electa
1189 1628 1263 1685 sunt
1287 1644 1356 1697 ossa,

308 1733 325 1780 3
344 1721 378 1776 ut
401 1717 473 1775 deus
496 1716 580 1775 fieret
603 1717 655 1791 qui
677 1715 765 1774 urbes
790 1719 819 1773 et
841 1735 934 1793 regna
957 1718 1095 1775 servaret.
1142 1714 1201 1773 Sed
1223 1734 1281 1775 nec
1304 1733 1356 1773 ser·

343 1806 428 1865 vavit
451 1805 611 1881 aliquando
634 1823 688 1864 nec
710 1806 833 1881 profuit,
857 1809 887 1863 et
906 1806 978 1880 quid
997 1824 1027 1865 se
1045 1807 1166 1863 maneat
1185 1824 1221 1863 ex
1239 1804 1356 1863 urbium
1368 1820 1383 1857 u

342 1896 376 1953 in
398 1895 505 1970 quibus
528 1896 589 1952 fuit
611 1894 727 1953 casibus
746 1894 830 1953 vidit.
863 1894 989 1953 incensa
1008 1896 1054 1953 est
1072 1894 1163 1952 Troia
1186 1912 1204 1951 a
1224 1891 1355 1953 Graecis·

344 2004 363 2043 a
386 1982 480 2044 Gallis
502 1984 606 2058 Roma,
633 1986 664 2043 et
691 2003 726 2042 ex
753 1986 880 2059 utroque
908 1984 1043 2042 incendio
1067 1983 1240 2042 Palladium
1270 2002 1356 2041 reser-

344 2076 449 2132 vatum
480 2076 533 2148 est,
566 2074 617 2131 sed
648 2076 833 2131 reservatum
864 2093 923 2131 non
953 2073 1082 2149 propriis
1114 2072 1282 2131 virtutibus
1313 2070 1357 2131 sed

345 2162 475 2222 humano
502 2162 660 2238 praesidio.
706 2162 754 2220 Ab
782 2164 909 2237 utroque
938 2164 1015 2219 enim
1040 2163 1104 2220 loco
1128 2161 1266 2219 homines
1290 2162 1357 2219 libe·

346 2255 423 2325 rant,
460 2255 491 2311 et
521 2251 703 2310 translatum
734 2254 780 2309 est
813 2270 850 2309 ne
882 2251 1011 2309 humano
1044 2252 1184 2326 flagraret
1213 2251 1383 2309 incendite

346 2342 443 2399 Tanto
466 2341 582 2399 numini
604 2340 735 2398 humana
757 2341 879 2398 fuerunt
901 2340 1050 2415 praesidia
1073 2339 1248 2417 necessaria,
1275 2344 1306 2399 et
1328 2358 1358 2396 ne

345 2430 464 2489 arderet
486 2431 650 2488 humanum
672 2430 822 2505 quaesivit
845 2428 996 2487 auxilium.
1032 2428 1169 2487 Dilatum
1192 2430 1238 2487 est
1264 2429 1358 2487 Palla·

346 2519 431 2577 dium
458 2519 495 2577 ab
522 2518 658 2577 incendio
686 2537 746 2577 non
768 2517 937 2579 liberatum.
985 2517 1053 2577 Stat
1076 2518 1236 2577 sententia·
1262 2520 1359 2577 manet

346 2627 452 2683 poena,
475 2608 554 2685 ignis
577 2607 728 2666 imminet·
743 2607 823 2684 ignis
851 2611 971 2685 urguet,
995 2627 1083 2683 quem
1105 2606 1202 2666 vitare
1226 2627 1290 2666 non
1309 2626 1359 2681 po·

310 2697 426 2761 inerit.
463 2697 528 2755 Iam
546 2699 678 2771 parturit
694 2697 815 2755 flamma
834 2697 979 2770 caelestis,
1001 2700 1062 2756 iam
1084 2695 1202 2754 divinae
1227 2694 1358 2755 animad-
1370 2692 1385 2729 ²³

348 2788 493 2845 versionis
516 2788 699 2844 monstratur
723 2785 877 2860 adventus,
899 2789 961 2843 iam
984 2786 1102 2844 futurae
1125 2784 1218 2843 cladis
1242 2786 1359 2843 nuntia·

348 2879 399 2936 tur
421 2876 555 2933 exitium.
587 2874 622 2932 In
645 2876 701 2933 hoc
723 2875 860 2934 incendio
883 2875 1053 2934 Palladium
1075 2874 1205 2933 latebras
1228 2875 1359 2933 invenire

348 2984 409 3024 non
427 2964 546 3042 poterit.
578 2964 661 3042 Ignis
679 2966 736 3023 iste
755 2968 907 3023 scrutatur
926 2964 1040 3022 abdita·
1066 2964 1182 3038 quaerit
1200 2962 1353 3035 absconsa,

439 3134 570 3187 lanaria
588 3136 622 3189 P.
713 3134 902 3187 buisauari
920 3136 953 3189 P.
1046 3133 1080 3187 11
1101 3134 1228 3201 periurus
1249 3134 1284 3199 P,
1304 3150 1360 3203 por-

347 3205 428 3259 iuriis
442 3224 481 3274 pr
494 3212 605 3274 praeter
623 3207 680 3270 Bu,
699 3207 733 3271 cf.
748 3206 793 3260 St.
911 3205 947 3258 12
967 3206 993 3259 d.
1003 3223 1034 3275 p.
1049 3205 1175 3273 praemia
1194 3206 1260 3259 add.

350 3276 387 3330 13
406 3294 469 3330 ossa
486 3279 519 3329 ut
533 3279 566 3332 P.
623 3274 660 3329 14
679 3279 804 3330 seruaret
819 3276 873 3331 Sed
888 3279 920 3331 P.
982 3276 1019 3329 19
1038 3275 1112 3347 loco]
1127 3276 1189 3330 foco
1204 3277 1242 3331 St
1256 3279 1289 3331 cl.
1301 3278 1318 3329 l.
1328 3280 1360 3330 23

347 3348 388 3401 ab
406 3348 528 3403 liberant
542 3350 576 3414 P,
589 3347 745 3402 liberarunt
759 3350 808 3402 Bo
818 3350 876 3414 Ha,
894 3349 928 3413 cf.
944 3348 989 3403 St.
1041 3348 1075 3400 21
1097 3348 1188 3400 Tanta
1203 3349 1238 3413 P,
1253 3366 1303 3402 em.
1314 3347 1359 3401 Pl.

349 3418 388 3473 24
407 3421 433 3474 d.
444 3438 474 3489 p.
490 3420 619 3473 imminet
637 3420 701 3473 add.

439 3564 456 3615 c
476 3561 621 3632 prostituti
635 3562 762 3630 pudoris:
778 3563 812 3627 cf.
830 3563 880 3616 Mo
895 3566 939 3615 18.
1003 3560 1038 3615 11
1059 3563 1222 3617 collectivum
1235 3562 1359 3630 periurus

348 3636 430 3689 octies
443 3638 475 3688 ia
486 3634 606 3688 Mattiaci
615 3640 787 3701 usurpatum,
797 3634 996 3689 substantivam
1009 3633 1163 3701 periurium
1172 3634 1252 3687 semel
1261 3637 1360 3700 (12ss

349 3706 445 3759 omnia
462 3705 648 3774 periuriorum
666 3710 791 3773 genera),
885 3704 920 3757 13
939 3706 973 3772 cf.
989 3704 1027 3759 ud
1044 3710 1090 3772 23,
1099 3710 1135 3759 23
1154 3711 1178 3759 et
1197 3709 1277 3771 30,4.

350 3776 388 3830 ς18
408 3776 557 3831 absconsa.-
575 3777 609 3842 cf.
626 3778 677 3831 Mo
691 3781 735 3830 10.
