3100 4359
326 396 375 451 DE
394 398 543 453 ERRORE
561 394 759 454 exossas.
779 398 855 453 CAP.
871 398 1080 453 Xle-XXV.
1168 400 1212 465 65

195 569 260 628 fani
286 570 394 629 erroris
423 569 557 636 maculas
584 566 753 643 specialiter
781 568 953 642 explicetur,
979 588 1017 627 ue
1049 571 1127 634 sicut
1158 589 1213 631 noa

195 656 324 717 diximus
348 676 401 712 *a*
426 659 585 721 commenti
607 660 678 717 eant
700 658 752 732 qui
775 657 934 735 sacrilegia·
957 658 1124 723 amantibus
1150 662 1211 718 trs·

195 746 345 820 diderint
372 750 415 807 sic
442 766 461 805 a
487 746 573 807 nobis
601 746 673 817 ordo
700 746 837 809 veritatis
865 748 1010 811 curiosius
1032 750 1211 824 requiratur.

196 834 355 911 suspensis
390 837 493 911 itaque
528 835 686 911 paululum
717 837 841 895 ceteris·
861 835 899 893 ad
931 836 1004 903 haec
1037 837 1213 913 explicanda

170 944 273 999 equae
296 943 368 983 vers
390 928 462 983 sunt
483 924 684 993 acceleratur
707 926 811 987 oratic.

284 1013 375 1075 XXV.
413 1013 475 1074 Vos
507 1014 620 1073 domini
657 1014 850 1088 imperatores
887 1017 1059 1076 sanctarum
1091 1016 1212 1075 surium

194 1107 364 1164 vestrarum
386 1102 462 1163 mihi
484 1102 669 1164 commodate
692 1104 884 1178 patientiam,
907 1106 941 1165 ut
963 1106 1061 1165 totum
1085 1105 1212 1166 clemen-

192 1195 255 1251 tiae
286 1196 404 1257 uestrae
432 1191 511 1267 quod
538 1192 742 1268 promittimus
766 1193 955 1268 explicemus,
1003 1192 1062 1253 Cur
1085 1194 1156 1253 deus
1179 1194 1211 1256 id

195 1286 240 1341 est
261 1282 343 1341 filius
365 1282 414 1341 dei
435 1282 525 1341 homo
548 1298 655 1356 passus
678 1280 822 1355 ositeri,
846 1282 929 1341 brevi
952 1300 987 1341 ac
1009 1301 1081 1341 vere
1103 1284 1212 1359 pietati

159 1375 313 1431 reveritae
340 1372 456 1433 ratione
483 1370 706 1432 monstrabitur.
754 1369 829 1430 (lum
855 1370 1005 1435 homiaem
1027 1371 1157 1446 primum
1179 1373 1212 1431 id

193 1466 241 1521 est
266 1460 366 1519 Adam
393 1460 431 1519 ad
457 1461 621 1538 imaginem
648 1478 733 1523 suam
762 1460 834 1519 deus
866 1460 990 1535 faceret,
1022 1464 1132 1521 certam
1164 1460 1212 1521 illi

191 1550 404 1610 mandatorum
432 1549 515 1609 dedit
541 1550 646 1626 legem.
692 1549 722 1607 Is
749 1568 803 1624 per
827 1548 968 1611 feminam
982 1548 1024 1607 ·id
1047 1553 1092 1609 ost
1115 1550 1211 1613 livam

192 1641 337 1716 deceptus
359 1638 475 1700 diaboli
496 1638 737 1715 persuasionibus
755 1638 919 1714 promissae
938 1638 994 1697 sibi
1012 1638 1126 1715 gloriae
1144 1660 1210 1714 per-

192 1730 274 1791 didit
296 1728 483 1807 dignitatem.
524 1727 655 1805 Lignum
675 1731 744 1791 erut
766 1728 798 1786 in
821 1727 961 1803 paradiso
983 1728 1064 1803 ,quod
1086 1731 1211 1804 promis·

153 1837 177 1875 rs
191 1838 296 1879 sorum
319 1838 337 1877 a
360 1818 414 1877 deo
441 1820 643 1893 praemiorum
670 1817 803 1893 perdidit
830 1816 966 1894 gretiam.
1012 1816 1057 1877 De
1084 1818 1246 1896 virginiae

191 1912 293 1968 terrae
314 1908 389 1968 limo
412 1907 501 1966 homo
523 1908 621 1966 iectus
643 1910 696 1966 est.
729 1906 870 1965 Nondum
894 1907 971 1965 enim
995 1909 1031 1964 ut
1054 1906 1098 1965 ait
1119 1907 1210 1984 scrip-

190 2002 265 2057 ture
288 2015 378 2072 supra
400 1998 512 2059 terram
534 1996 660 2071 pluerat.
706 1994 765 2056 Hic
788 1995 966 2069 contemptis
988 1996 1138 2057 mandatis
1162 1997 1210 2057 dei
1225 2002 1283 2051 (118)

189 2087 358 2146 humanum
384 2103 479 2161 genus
506 2085 702 2146 mortalitatis
729 2084 845 2160 laqueis
876 2083 998 2143 adflixit.
1045 2082 1211 2161 Oportebat

190 2177 249 2235 boc
272 2177 372 2233 totum
399 2177 429 2232 et
451 2174 608 2234 reformari
631 2176 662 2233 et
685 2174 808 2251 corrigi,
837 2176 867 2231 et
888 2174 1062 2237 reformatio
1086 2175 1211 2252 originis

149 2282 177 2321 ro
190 2264 299 2323 debuit
316 2264 478 2324 reformare
495 2263 668 2339 primordia.
699 2264 744 2326 Ex
763 2262 888 2341 virginis
906 2265 1003 2321 terrae
1022 2263 1093 2323 limo
1112 2264 1211 2324 factus

285 2434 323 2487 10
343 2433 410 2488 cen.
426 2438 498 2500 aar
516 2441 542 2487 et
558 2438 681 2503 aare.
755 2430 793 2487 14
812 2434 847 2488 re.
863 2437 888 2501 3,
899 2440 924 2487 c.
999 2402 1037 2487 ic
1056 2435 1091 2488 sc.
1106 2438 1133 2501 s,
1144 2439 1169 2489 5.

284 2576 299 2630 l
319 2592 356 2629 ne
374 2576 449 2630 sicut
460 2577 620 2643 scripsimus
633 2592 695 2631 cum
710 2578 738 2630 P
753 2576 870 2630 locuacc
888 2578 966 2647 sique
980 2578 1072 2645 posito
1086 2584 1150 2646 post
1168 2578 1211 2630 di-

189 2650 294 2714 ximus,
312 2665 395 2717 qaum
413 2648 570 2715 captemus
586 2648 640 2701 toli
656 2664 718 2702 socc
740 2648 821 2715 quote
842 2647 946 2715 qualia,
969 2664 1025 2716 qua
1048 2651 1211 2717 interposita

188 2720 337 2777 mando
354 2720 488 2787 periodus
509 2719 638 2785 estam.
674 2718 803 2774 sesicut
883 2718 1069 2779 tradiderunt.
1099 2719 1144 2775 Sic
1159 2721 1210 2787 Fr,

188 2791 246 2847 ue·
265 2791 324 2845 We.
362 2808 395 2845 ac
418 2791 451 2858 si,
474 2793 507 2843 ut
587 2789 774 2858 tradiderunt,
800 2790 840 2843 sic
861 2790 904 2845 Oc.
942 2806 977 2849 ue
997 2790 1078 2860 sicut,
1097 2794 1130 2851 ut
1149 2833 1209 2859 ...‚

189 2863 232 2916 sic
246 2864 304 2917 Ru.
340 2880 376 2915 ne
395 2862 427 2926 si,
445 2863 479 2915 ut
498 2903 557 2928 ...‚
578 2862 618 2915 sic
637 2862 696 2916 Ha.
765 2861 978 2915 scemmencici
994 2864 1056 2917 Mu.
1129 2862 1208 2916 ain-

189 2933 330 2989 curiosius
344 2934 393 2989 Ba
402 2950 507 3006 parum
521 2935 656 2988 intellecta
671 2934 723 2987 loci
735 2934 879 3000 macentia,
898 2935 933 3000 cf.
949 2937 994 3000 67,
1002 2938 1029 2989 2.
1103 2932 1120 2987 4
1140 2934 1166 2989 d.
1177 2953 1208 3005 p.

189 3005 294 3060 ceteris
312 3005 377 3059 add.
452 3005 628 3074 dpatientia
646 3006 680 3058 P.
753 3002 906 3073 tpietatis
926 3007 959 3060 P.
1028 3007 1054 3060 d.
1064 3024 1094 3075 p.
1111 3007 1128 3060 9
1147 3007 1209 3060 fieri

188 3085 215 3132 et
234 3077 271 3129 11
292 3076 398 3130 faceret
416 3078 480 3130 cdd.
537 3075 574 3130 14
594 3092 649 3143 quo
665 3092 718 3145 pro
737 3077 812 3143 quod
833 3076 885 3130 Kr.
942 3075 978 3129 18
998 3077 1097 3131 adfixit
1114 3078 1209 3133 Wake-

187 3149 255 3215 field
273 3149 368 3215 top.
384 3151 427 3201 15.
502 3146 538 3201 ls
559 3146 706 3201 reformari
726 3149 758 3201 P.
1105 3156 1106 3159 ’

282 3289 298 3344 l
319 3288 480 3359 specialiter
498 3289 667 3357 explicetur:
691 3290 782 3344 Mau.
798 3294 842 3355 43,
852 3294 878 3344 2.
898 3294 996 3356 46,28.
1017 3294 1098 3357 50,6.
1118 3295 1209 3356 165,9

187 3380 222 3419 uc
233 3363 354 3431 suspires
409 3377 444 3414 ne
511 3360 685 3429 requiratur:
704 3362 795 3416 Mate.
811 3360 935 3418 L1x01
945 3364 980 3415 43
994 3377 1030 3415 ne
1045 3379 1108 3416 cum
1121 3361 1209 3416 libros

186 3437 300 3489 nostros
322 3432 464 3505 malignus
487 3432 577 3487 lector
599 3432 749 3501 acceperit,
771 3432 882 3500 aliquid
900 3450 950 3488 nos
970 3432 1047 3487 dicat
1065 3432 1119 3486 tibi
1138 3433 1208 3487 invi-

187 3507 253 3561 diae
273 3505 440 3560 stridoribus
459 3505 620 3575 denegasse.
693 3505 712 3559 b
733 3504 823 3558 Maca.
840 3502 878 3558 0⁰
893 3505 932 3559 II
946 3508 965 3559 2
984 3502 1038 3557 Sed
1056 3504 1101 3557 his
1120 3503 1208 3573 expli-

187 3578 261 3633 catis
281 3592 371 3631 sermo
390 3577 466 3630 totus
486 3575 522 3630 sd
541 3575 745 3645 expositionem
764 3574 905 3645 Sphaerus
928 3574 1096 3629 Barbaricas
1117 3579 1207 3629 trane-

184 3649 305 3714 feratur‚
328 3666 361 3702 ac
382 3649 488 3703 siradio
505 3665 550 3711 soe
571 3650 623 3703 ius.
716 3648 730 3701 ἶ
760 3648 865 3703 Araob.
882 3647 955 3701 V33
979 3646 1003 3701 si
1026 3647 1109 3701 modo
1134 3664 1207 3701 com-

184 3721 304 3775 medere
327 3720 495 3788 patientiam
517 3666 611 3771 ruitis.
655 3720 821 3793 MotRLX
826 3719 887 3773 VII
890 3716 901 3743 ⁰
916 3718 936 3771 1
947 3722 984 3773 42
1003 3720 1036 3772 ut
1116 3721 1208 3771 totum

184 3791 324 3860 quicquid
343 3791 521 3860 promisimus
540 3790 720 3858 explicemus.

239 3898 356 3939 siminus
369 3899 487 3938 Maternus
501 3898 535 3937 ed.
546 3898 669 3945 Ziegler.
1028 3884 1043 3930 ὁ
