3100 4359
330 337 374 399 24
676 334 815 390 ufflnsscl
833 335 1002 389 MATERNI

331 503 473 563 dedecore
495 523 561 563 meo
583 505 616 562 in
639 505 762 564 exitium
785 506 918 563 vestrum
941 506 1126 579 mortemque
1149 496 1348 581 properatis!

226 594 398 657 armatii
419 612 467 651 me
490 596 565 669 aput
587 593 759 671 Aegyptum
787 593 875 653 undis
898 593 962 651 Nili
989 596 1020 651 et
1046 592 1160 669 rapidis
1184 592 1349 652 verticibus

334 683 485 741 obstinato
503 682 612 741 mentia
625 684 725 741 furbre
739 682 941 759 submergunt,
966 682 1020 741 alii
1043 681 1207 757 amputatis
1230 682 1349 742 viribus

330 772 489 849 plangunt,
512 771 566 829 alii
584 772 697 830 crudeli
711 774 806 830 morte
821 787 950 831 caesum·
976 774 1031 830 aut
1044 771 1074 829 iu
1090 771 1152 831 olla
1166 771 1350 847 decoquunt,

332 864 385 920 ant
416 863 528 937 septem
558 860 677 919 veribus
706 862 838 935 corporis
868 860 926 919 mei
956 860 1089 919 membra
1117 861 1252 919 lacerata
1280 860 1382 920 sub-s

330 949 434 1027 figunt.
481 949 540 1018 Qui
561 950 717 1025 paululum
740 950 815 1007 mihi
838 948 957 1025 placida
987 950 1079 1007 fuerit
1101 949 1238 1008 oratione
1262 950 1348 1008 blan·

331 1038 421 1111 ditus,
445 1038 616 1116 quadriiugi
640 1057 742 1097 currus
766 1037 903 1115 aurigam
926 1058 972 1097 me
997 1055 1059 1098 esse
1085 1037 1238 1115 confingit.
1276 1038 1349 1097 Pro-

331 1128 402 1186 icite
418 1127 579 1203 aliquando
593 1128 672 1186 tanti
685 1128 795 1187 furoris
815 1127 947 1205 exitium,
971 1130 1000 1187 et
1014 1128 1140 1187 salutari
1153 1128 1351 1203 persuasione

332 1218 487 1276 conventi·
501 1235 606 1275 veram
630 1216 737 1275 salutis
765 1218 846 1274 viam
870 1218 1014 1293 quaerite.
1060 1215 1201 1275 Inimicus
1229 1216 1281 1275 dei
1305 1221 1352 1275 est

332 1307 385 1380 qui
407 1304 480 1365 haec
502 1309 556 1364 aut
578 1305 724 1383 cogitavit
737 1310 791 1364 aut
808 1305 918 1380 fincxit,
941 1324 996 1364 neo
1009 1306 1126 1365 facinus
1140 1308 1204 1365 eius
1219 1306 1350 1381 simplex
1363 1326 1384 1364 ιο

265 1405 312 1455 (⁹0)
332 1402 384 1453 aut
411 1396 524 1453 usitata
554 1414 653 1470 poena
683 1394 857 1470 comitatur,
885 1396 937 1469 qui
970 1402 1082 1454 secreta
1113 1395 1249 1470 profanis
1283 1414 1349 1471 per·

331 1483 519 1543 suasionibus
541 1484 659 1559 polluit,
683 1486 736 1559 qni
754 1484 790 1543 de
813 1483 965 1560 praeclaro
985 1503 1073 1559 opere
1097 1483 1143 1542 dei
1166 1486 1257 1543 tanta
1281 1503 1349 1543 oon·

298 1572 427 1649 tfiugit.
468 1572 582 1651 Lugete
605 1575 738 1632 mortuos
762 1575 876 1632 vestros
896 1576 926 1631 et
943 1574 1003 1648 ipsi
1021 1573 1113 1632 simili
1136 1576 1234 1631 morto
1258 1576 1350 1633 mori-

331 1664 402 1735 turi,
424 1662 537 1720 mittite
555 1662 674 1739 regibus
692 1664 801 1721 vestris
824 1664 859 1720 ut
877 1662 969 1721 vultis
992 1662 1125 1737 inferias,
1147 1664 1178 1720 et
1201 1661 1352 1721 orbitates

332 1770 433 1809 eorum
457 1751 517 1809 alio
539 1751 736 1810 remediorum
755 1770 862 1829 genere
880 1752 1026 1828 mitigate.
1059 1750 1172 1829 Lugete
1190 1750 1350 1810 Liberum·
1365 1770 1385 1809 u

331 1840 426 1918 lugite
454 1840 680 1915 Proserpinam
696 1841 790 1917 lugite
817 1840 922 1898 Attin'
938 1840 1033 1917 lugite
1057 1838 1179 1916 Osyrin,
1207 1840 1262 1900 sed
1288 1843 1352 1901 sine

331 1931 450 1989 nostrae
469 1930 652 1988 contumelia
669 1928 835 2007 dignitatis,
867 1929 945 1989 Nolo
964 1948 1011 1987 me
1029 1948 1083 2003 per
1099 1929 1231 1989 tumulos
1245 1949 1353 1989 eorum

331 2018 510 2093 favillasque
538 2018 668 2091 ducatis,
695 2019 764 2077 nolo
793 2020 826 2077 ut
854 2020 947 2077 errori
978 2022 1076 2078 vestro
1108 2037 1217 2078 nomen
1249 2038 1353 2079 meum

331 2108 464 2167 fomenta
492 2106 669 2182 subpeditet.
714 2107 763 2165 Ad
790 2108 911 2165 initium
938 2107 999 2165 diei
1027 2126 1045 2165 a
1072 2106 1127 2166 deo
1150 2109 1248 2167 factus
1275 2126 1353 2179 snm,

330 2197 387 2255 hoc
409 2196 483 2254 mihi
506 2196 620 2255 sufficit
641 2197 746 2256 solum.
788 2195 866 2264 Quid
887 2215 935 2255 me
957 2196 1075 2255 honesti
1097 2197 1227 2255 muneris
1250 2195 1353 2276 digni·
1366 2216 1387 2253 a

331 2288 395 2344 tate
418 2283 565 2360 privatis?
607 2284 698 2343 Aliud
727 2303 775 2343 me
804 2284 875 2344 deus
903 2284 982 2358 fecit,
1006 2285 1088 2345 aliud
1111 2303 1174 2344 esse
1197 2286 1301 2361 iussit,
1324 2289 1354 2345 et

332 2392 385 2433 vos
413 2392 460 2431 me
488 2392 542 2448 pro
569 2373 694 2432 libidine
721 2376 822 2433 vestra
850 2374 997 2447 dividitis,
1024 2393 1078 2449 pro
1106 2374 1225 2437 arbitrii
1256 2375 1355 2436 vestri

332 2462 497 2538 cupiditate
524 2464 678 2522 laceratis!
707 2463 856 2539 Quicquid
877 2481 942 2521 sum
970 2462 1145 2538 simpliciter
1171 2482 1273 2540 pareo,
1298 2483 1354 2523 nec

332 2551 416 2610 aliud
439 2553 507 2612 volo
530 2552 566 2610 de
589 2571 636 2610 me
659 2553 842 2629 intellegatis
866 2553 925 2611 nisi
949 2552 1028 2627 quod
1051 2552 1168 2612 videtis.
1204 2552 1271 2611 Hoc
1297 2554 1353 2612 deo

332 2641 451 2718 gratum
481 2643 534 2715 est,
564 2641 621 2699 hoc
651 2641 721 2700 deus
749 2642 877 2700 libenter
904 2641 1103 2716 amplectitur,
1130 2642 1187 2700 hoc
1213 2641 1387 2701 hominess

333 2729 372 2788 ad
401 2730 507 2789 salutis
531 2732 612 2789 viam
635 2729 726 2803 ducit,
754 2732 780 2787 si
802 2730 943 2806 proiectis
971 2730 1119 2789 erroribus
1148 2730 1196 2789 dei
1219 2732 1354 2807 gratiam

297 2819 509 2895 reimpliciter
541 2837 575 2878 ac
607 2818 736 2879 fideliter
771 2814 937 2879 hauriatis?
966 2818 1066 2879 ‘Haec
1099 2822 1217 2895 quidem
1250 2837 1353 2879 sacra·

423 2968 440 3021 2
460 2970 486 3023 d.
502 2978 565 3025 aute
583 2969 641 3023 Alii
660 2973 712 3039 (sic
725 2972 763 3038 P)
779 2971 844 3024 odd.
937 2970 956 3023 3
974 2970 1057 3039 uirib;
1081 2972 1181 3026 codicis
1205 2972 1354 3025 amodum

334 3042 367 3095 cl.
382 3043 486 3095 Araob.
503 3040 645 3109 Vama),
658 3045 783 3111 quamuis
802 3044 857 3097 loco
876 3043 963 3097 simili
980 3043 1133 3097 Mathescos
1151 3044 1355 3099 commodetur

332 3111 470 3177 virilibus,
485 3114 557 3181 quod
569 3114 669 3167 baberet
681 3114 722 3168 Fr
735 3121 759 3167 et
768 3131 813 3182 pr.
851 3110 870 3166 4
889 3114 915 3166 d.
922 3132 952 3183 p.
964 3130 1075 3167 caesum
1090 3115 1154 3168 add.
1192 3114 1355 3181 decoquent

334 3183 391 3236 Aut
410 3184 443 3236 P.
517 3183 599 3238 de.
610 3203 641 3253 p.
657 3184 774 3239 exitium
793 3191 818 3239 et
837 3186 967 3238 conventi
986 3185 1050 3240 add.
1124 3183 1284 3239 9convicti
1306 3186 1354 3251 Fi,

334 3260 365 3309 at
377 3271 401 3308 o.
412 3255 470 3308 iad.
481 3261 506 3308 et
521 3257 572 3309 Mo
586 3260 629 3310 15.
713 3255 748 3310 11
769 3258 877 3309 secreta
896 3255 1073 3328 (caelestia)
1093 3256 1145 3310 Kr.
1225 3254 1261 3309 14
1282 3258 1309 3311 d.
1321 3276 1352 3325 p.

333 3324 449 3379 inferias
468 3327 531 3379 odd.
606 3326 644 3380 ld
662 3327 758 3397 lugete
778 3335 817 3382 ter
831 3328 890 3381 edd.

425 3431 440 3483 l
461 3431 491 3486 in
571 3434 736 3502 properatis,
756 3434 790 3500 cf.
807 3438 887 3499 74,2.
986 3432 1166 3488 dobstinato
1184 3432 1288 3486 mentis
1309 3434 1354 3488 fu-

334 3519 408 3557 rore:
428 3505 463 3571 ct'.
480 3508 579 3570 7s,12.
594 3510 668 3571 80,9
687 3513 712 3560 et
725 3507 854 3574 inprimis
869 3506 959 3560 Mara.
975 3506 1080 3559 LXVI
1084 3504 1123 3559 Γ1
1135 3509 1173 3559 27
1187 3508 1226 3571 (et
1239 3508 1297 3572 32).

336 3576 426 3629 Mota.
443 3579 551 3642 136,10
574 3577 623 3645 qui
640 3576 735 3630 virilia
752 3577 872 3646 propriis
892 3576 947 3631 sibi
966 3578 1114 3645 amputent
1131 3574 1269 3631 manibus.

335 3646 354 3698 9
372 3647 407 3712 cf.
424 3651 468 3712 64,
477 3651 523 3701 20.
650 3648 687 3702 13
706 3648 793 3703 simili
811 3652 900 3703 morte
922 3647 1066 3702 morituri:
1088 3649 1123 3713 cf.
1139 3649 1190 3701 Mo
1204 3651 1249 3701 26.

336 3717 373 3770 25
395 3719 485 3772 Mart.
501 3724 589 3785 11,14
607 3718 728 3773 libenter
746 3718 949 3787 amplectimur.
