3100 4359
355 366 398 429 10
698 366 838 424 immol
855 369 1024 422 MATERNI

442 535 495 603 lu.
526 535 646 610 Assyrii
667 538 698 594 ot
719 555 791 613 pars
805 536 948 596 Afrorum
970 547 1070 597 adrem
1093 539 1234 598 ducatum
1256 540 1361 600 habere

353 626 566 684 elementorum
588 625 702 697 volunt,
726 628 758 684 et
784 625 862 684 hunc
888 627 1056 704 imaginata
1077 627 1254 705 figuratione
1278 649 1359 688 rene·

353 718 466 773 rantur.
498 714 578 772 Nam
595 714 675 772 hunc
693 715 820 772 eundem
840 715 872 773 id
896 719 941 774 est
963 721 1071 791 adrem,
1093 719 1212 776 ncnn'ne
1230 717 1358 778 Iunonis·

350 805 400 863 uel
422 804 548 863 Veneris
570 805 696 881 virginis
711 804 795 862 —si
816 806 918 862 tamen
932 805 1041 864 Veneri
1063 806 1179 880 placuit
1202 808 1358 883 aliquando

349 895 508 970 virginitas
541 925 584 932 -
616 896 840 952 consecrarunt..
889 893 1033 953 Iunonem
1064 913 1135 954 sane
1164 915 1202 954 ne
1234 901 1265 954 et
1295 899 1385 956 hince

348 982 465 1042 deesset
485 984 640 1056 incestum,
662 982 743 1042 Iovis
761 983 869 1040 volunt
891 1001 926 1041 ex
944 1000 1044 1042 sorore
1062 985 1218 1062 coniugem
1241 985 1356 1046 factam.

348 1071 567 1130 Effeminurnnt
593 1089 664 1130 sane
691 1073 748 1130 boc
775 1071 956 1130 elementum
983 1073 1144 1149 nescioquo.
1170 1078 1357 1134 veneratione

347 1162 495 1220 commoti.
541 1161 623 1218 Num
654 1162 726 1237 quia
757 1165 809 1218 adr
839 1162 1013 1232 interiectus
1046 1164 1093 1221 est
1117 1164 1197 1221 inter
1226 1169 1358 1224 marcet

257 1264 295 1305 ror.
305 1258 336 1302 ν
348 1250 472 1323 caelum,
495 1250 674 1308 effeminatis
691 1269 760 1308 eum
775 1243 779 1329 Ι
797 1249 985 1308 sacerdotum
1002 1251 1125 1310 vocibus
1142 1253 1356 1328 prosecuntur?

310 1339 401 1402 eDic
428 1340 504 1396 mibi
529 1339 586 1397 boc
612 1358 721 1397 numen
744 1342 799 1412 ost,
821 1338 902 1415 quod
923 1339 956 1397 in
978 1341 1044 1400 viro
1066 1340 1208 1400 feminam
1233 1345 1384 1418 quaerite

344 1430 394 1487 cui
416 1429 505 1486 aliter
526 1429 638 1487 servire
660 1427 847 1487 sacerdotum
874 1446 996 1486 suorum
1026 1430 1133 1489 chorus
1159 1450 1221 1489 non
1249 1436 1355 1507 potest,

341 1518 402 1575 nisi
423 1517 593 1576 effeminent
615 1517 744 1575 vultum·
772 1520 872 1575 cutem
899 1517 1029 1592 poliant,
1057 1521 1087 1577 et
1114 1519 1234 1578 virilem
1258 1541 1355 1581 sexum

342 1609 451 1665 ornatu
477 1606 621 1664 muliebre
652 1604 848 1665 dedecorent?
881 1604 989 1665 Videre
1017 1610 1063 1666 cst
1084 1608 1116 1665 in
1139 1608 1214 1684 ipsis
1237 1612 1355 1686 templis

342 1713 409 1755 cum
436 1695 556 1771 publico
583 1697 698 1772 gemitu
725 1694 895 1754 miseranda
922 1695 1062 1771 ludibria,
1089 1699 1169 1758 viros
1196 1699 1355 1759 muliebria

340 1786 415 1860 pati
438 1787 469 1843 et
490 1785 568 1844 hanc
590 1784 701 1860 impuri
723 1787 754 1842 et
775 1784 910 1859 inpudici
938 1786 1069 1861 corporis
1096 1785 1212 1844 labem·
1223 1788 1354 1865 gloriosa
1366 1810 1383 1848 n

341 1874 539 1932 ostentatione
563 1874 708 1950 detegere.
758 1872 918 1932 Publicant
944 1874 1078 1934 facinora
1105 1893 1168 1948 sua,
1196 1880 1227 1935 ct
1255 1883 1354 1938 conta-

339 1963 447 2021 minati
469 1964 602 2038 corporis
623 1964 748 2021 vitium·
761 1981 829 2021 cum
852 1964 983 2021 maxima
1006 1963 1214 2024 delectationis
1237 1969 1354 2026 macula

339 2051 524 2110 confitentur.
564 2052 721 2110 Exornant
742 2051 928 2110 muliebriter
946 2054 1076 2112 nutritos
1100 2055 1205 2130 crines,
1229 2060 1260 2114 et
1281 2056 1354 2117 deli-

339 2140 413 2200 catis
437 2141 541 2200 amicti
567 2141 700 2200 vestibus
727 2143 778 2199 vix
806 2143 898 2217 caput
924 2141 1003 2201 lassa
1033 2144 1147 2201 cervice
1174 2147 1352 2206 sustentant.

426 2292 442 2346 1
463 2311 524 2360 sqq,
545 2293 599 2349 oie.
618 2293 652 2346 de
674 2298 731 2346 eat.
751 2293 823 2348 deor.
842 2294 881 2345 Il
896 2297 933 2346 66
1007 2309 1056 2347 uer
1079 2297 1186 2362 autem,
1210 2300 1242 2350 ut
1266 2297 1352 2353 Stoici

337 2362 492 2432 disputent,
517 2362 681 2417 interiectus
708 2364 783 2418 inter
809 2380 887 2418 mere
912 2366 941 2418 et
968 2364 1077 2418 coelum
1099 2365 1213 2420 Iunonis
1239 2370 1352 2424 nomine

336 2438 522 2502 consecretur,
541 2452 613 2502 quae
632 2437 676 2489 est
694 2451 771 2488 soror
785 2437 814 2488 et
828 2435 949 2489 coniunx
962 2435 1044 2502 Iovis,
1063 2437 1180 2504 quodsi
1195 2439 1352 2494 similitudo

336 2508 380 2560 est
397 2507 520 2560 aetheris
538 2510 568 2560 et
586 2522 650 2560 cum
668 2522 701 2559 eo
716 2524 824 2559 summe
839 2507 1007 2560 coniunctio.
1036 2507 1242 2565 Effeminurunt
1256 2514 1352 2566 autem

335 2593 400 2631 eum
421 2578 576 2646 Iunonique
599 2576 802 2631 tribuerunt..
820 2621 825 2630 .
921 2576 959 2632 lo
980 2581 1104 2634 Mceceo.
1119 2598 1163 2649 ap.
1179 2581 1241 2636 Sec.
1257 2585 1314 2652 Ep.
1332 2586 1356 2638 V

335 2655 395 2717 114,
404 2667 436 2718 p.
451 2654 513 2717 534,
522 2654 560 2704 20
574 2650 667 2704 Heme
683 2651 717 2701 ut
735 2649 843 2703 cervice
861 2649 937 2703 lasse
954 2649 1087 2704 fanantur
1100 2653 1221 2706 nemoris
1236 2656 1351 2720 tyranni

335 2721 383 2786 (A.
398 2721 575 2790 Etcbeobery,
599 2721 631 2774 de
649 2721 741 2774 Persii
758 2723 911 2776 satirarum
928 2727 1033 2776 natura
1051 2729 1132 2790 atque
1152 2725 1254 2792 indole,
1272 2727 1349 2781 Dies.

340 2793 484 2847 Vraticlav.
500 2796 582 2859 1905,
605 2793 680 2846 lber
695 2795 733 2858 5).
763 2793 805 2859 Of.
821 2793 932 2846 Pera]
946 2796 1019 2860 98(
1049 2797 1074 2860 ).

424 2917 439 2970 1
459 2916 621 2970 ASSYRHS
640 2918 674 2983 P,
692 2917 739 2970 sed
758 2916 775 2968 S
794 2917 841 2983 lio.
856 2933 924 2971 eras.
1003 2915 1020 2970 2
1040 2917 1065 2970 d.
1082 2925 1146 2972 ante
1164 2922 1193 2973 et
1211 2923 1275 2975 add.

332 2987 352 3042 Β
369 2987 400 3041 id
415 2991 563 3041 celebrem
577 2987 628 3042 del.
640 2988 690 3041 We
700 2988 758 3053 Ha,
772 2989 820 3042 sed
833 3006 858 3042 o.
871 2988 946 3045 Oeet
960 2988 1005 3042 Kr
1015 2989 1094 3044 etSlc.
1145 2992 1171 3045 d.
1183 3000 1247 3060 post
1260 2999 1348 3048 miens

332 3060 396 3114 aad.
461 3059 479 3113 5
494 3076 548 3128 pro
562 3075 629 3113 sans
643 3059 693 3112 Ha
706 3060 811 3114 mavult
825 3061 927 3112 cutem.
990 3059 1009 3113 6
1028 3061 1054 3113 d.
1067 3068 1131 3116 acte
1145 3061 1217 3116 Iovis
1231 3065 1296 3120 add.

331 3130 439 3184 uolunt.
455 3148 488 3184 ex
497 3132 531 3184 P.
584 3129 792 3184 iEtfemincrii
802 3131 835 3184 P.
886 3130 903 3184 8
918 3129 992 3183 Num
1004 3133 1063 3198 Wo,
1077 3131 1122 3186 Nc
1133 3134 1165 3186 P.
1217 3136 1349 3206 ildpost

331 3201 441 3256 ceolum
457 3203 520 3256 add.
595 3201 632 3255 lt)
650 3218 752 3255 nomen
767 3203 802 3269 P,
820 3219 889 3256 corr.
900 3203 956 3256 Bu.
1029 3203 1055 3256 d.
1067 3210 1130 3271 post
1148 3207 1191 3259 est
1209 3207 1275 3262 add.

332 3272 369 3326 13
388 3276 490 3327 ornatui
503 3271 641 3326 muliebri
654 3275 690 3338 P,
704 3291 754 3341 per
768 3276 899 3327 ornatum
912 3271 1078 3328 muliebrem
1092 3276 1150 3343 Ha,
1169 3282 1271 3332 ornatu
1285 3297 1345 3333 mu-

329 3343 412 3398 liebri
427 3345 478 3411 Fl,
497 3346 597 3398 ornatu
611 3343 747 3397 muliebre
762 3347 819 3400 Bc.
893 3342 930 3397 14
949 3346 974 3398 d.
990 3352 1053 3400 ante
1070 3345 1143 3402 viros
1163 3348 1228 3402 add.
1253 3351 1298 3404 dd.
1318 3369 1344 3418 p.

331 3415 368 3469 lb
387 3414 480 3469 labem
498 3421 524 3470 et
543 3415 580 3468 lo
599 3432 649 3468 sua
667 3421 692 3470 et
711 3415 747 3469 12
767 3416 869 3469 vitium
887 3415 951 3470 odd.

418 3541 437 3594 3
455 3540 530 3593 hunc
549 3541 677 3607 eundem,
690 3542 724 3609 cf.
741 3541 831 3606 Kroll,
847 3542 922 3595 Mus.
934 3542 1019 3596 Rbeo.
1031 3542 1096 3596 LII
1106 3547 1171 3598 586.
1228 3545 1266 3600 14
1284 3565 1343 3600 mu·

328 3610 430 3666 liebric
450 3612 520 3681 peti,
540 3614 574 3678 cf.
588 3615 690 3678 28,18.
712 3614 802 3666 Mate.
816 3616 936 3680 221,28.
958 3612 1159 3669 LXXVII'I
1168 3619 1212 3670 24.
1234 3619 1286 3673 Mc
1299 3623 1342 3673 49.

330 3682 490 3823 lgpffiuri
504 3685 533 3736 et
547 3682 683 3751 inpudici,
701 3685 736 3750 cs.
753 3685 804 3737 Mc
818 3689 861 3738 49.
921 3682 958 3737 18
979 3686 1068 3739 Mate.
1079 3686 1138 3740 LX
1142 3686 1176 3741 ”I
1186 3693 1203 3742 4
1217 3689 1343 3744 nutrient
