<?xml version="1.0" encoding="UTF-8"?>
<!DOCTYPE html PUBLIC "-//W3C//DTD XHTML 1.0 Transitional//EN"
    "http://www.w3.org/TR/xhtml1/DTD/xhtml1-transitional.dtd">
<html xmlns="http://www.w3.org/1999/xhtml" xml:lang="en" lang="en">
 <head>
  <title>
</title>
<meta http-equiv="Content-Type" content="text/html;charset=utf-8" />
  <meta name='ocr-system' content='tesseract 3.04.00' />
  <meta name='ocr-capabilities' content='ocr_page ocr_carea ocr_par ocr_line ocrx_word'/>
</head>
<body>
  <div class='ocr_page' id='page_1' title='image "./iulifirmicimate00zieggoog_0098.png"; bbox 0 0 3100 4359; ppageno 0'>
   <div class='ocr_carea' id='block_1_1' title="bbox 350 386 1021 451">
    <p class='ocr_par' dir='ltr' id='par_1_1' title="bbox 350 386 1021 451">
     <span class='ocr_line' id='line_1_1' title="bbox 350 386 1021 451; baseline 0 -10"><span class='ocrx_word' id='word_1_1' title='bbox 350 388 395 451; x_wconf 82' lang='grc'><strong>42</strong></span> <span class='ocrx_word' id='word_1_2' title='bbox 694 386 833 442; x_wconf 68' lang='lat' dir='ltr'><strong>munel</strong></span> <span class='ocrx_word' id='word_1_3' title='bbox 851 388 1021 442; x_wconf 67' lang='lat' dir='ltr'><strong>uerum</strong></span> 
     </span>
    </p>
   </div>
   <div class='ocr_carea' id='block_1_2' title="bbox 232 555 1376 1525">
    <p class='ocr_par' dir='ltr' id='par_1_2' title="bbox 232 555 1376 1525">
     <span class='ocr_line' id='line_1_2' title="bbox 350 555 1348 641; baseline -0.004 -26"><span class='ocrx_word' id='word_1_4' title='bbox 350 557 404 614; x_wconf 78' lang='lat' dir='ltr'><strong>nia</strong></span> <span class='ocrx_word' id='word_1_5' title='bbox 425 555 584 615; x_wconf 89' lang='lat' dir='ltr'><strong>commissa</strong></span> <span class='ocrx_word' id='word_1_6' title='bbox 609 556 669 615; x_wconf 89' lang='lat' dir='ltr'><strong>sibi</strong></span> <span class='ocrx_word' id='word_1_7' title='bbox 690 559 745 615; x_wconf 83' lang='lat' dir='ltr'><strong>ant</strong></span> <span class='ocrx_word' id='word_1_8' title='bbox 771 557 894 616; x_wconf 90' lang='lat' dir='ltr'><strong>amittat</strong></span> <span class='ocrx_word' id='word_1_9' title='bbox 916 560 970 616; x_wconf 87' lang='lat' dir='ltr'><strong>aut</strong></span> <span class='ocrx_word' id='word_1_10' title='bbox 991 556 1130 641; x_wconf 36' lang='lat' dir='ltr'><strong>perdat·</strong></span> <span class='ocrx_word' id='word_1_11' title='bbox 1152 555 1251 614; x_wconf 86' lang='lat' dir='ltr'><strong>Solem</strong></span> <span class='ocrx_word' id='word_1_12' title='bbox 1273 556 1348 612; x_wconf 80' lang='lat' dir='ltr'><strong>etiam</strong></span> 
     </span>
     <span class='ocr_line' id='line_1_3' title="bbox 351 644 1348 722; baseline -0.003 -19"><span class='ocrx_word' id='word_1_13' title='bbox 351 644 475 721; x_wconf 74' lang='lat' dir='ltr'><strong>quidem</strong></span> <span class='ocrx_word' id='word_1_14' title='bbox 497 646 668 721; x_wconf 78' lang='lat' dir='ltr'><strong>Apollinem</strong></span> <span class='ocrx_word' id='word_1_15' title='bbox 698 646 812 720; x_wconf 88' lang='lat' dir='ltr'><strong>dicunt,</strong></span> <span class='ocrx_word' id='word_1_16' title='bbox 843 649 917 722; x_wconf 82' lang='lat' dir='ltr'><strong>quia</strong></span> <span class='ocrx_word' id='word_1_17' title='bbox 945 646 1069 705; x_wconf 78' lang='lat' dir='ltr'><strong>cottidie</strong></span> <span class='ocrx_word' id='word_1_18' title='bbox 1099 648 1132 703; x_wconf 90' lang='lat' dir='ltr'><strong>in</strong></span> <span class='ocrx_word' id='word_1_19' title='bbox 1163 663 1270 704; x_wconf 81' lang='lat' dir='ltr'><strong>occasu</strong></span> <span class='ocrx_word' id='word_1_20' title='bbox 1295 662 1348 701; x_wconf 91' lang='lat' dir='ltr'><strong>con·</strong></span> 
     </span>
     <span class='ocr_line' id='line_1_4' title="bbox 351 732 1348 812; baseline -0.006 -18"><span class='ocrx_word' id='word_1_21' title='bbox 351 736 477 794; x_wconf 85' lang='lat' dir='ltr'><strong>stitutus</strong></span> <span class='ocrx_word' id='word_1_22' title='bbox 499 735 688 811; x_wconf 78' lang='lat' dir='ltr'><strong>splendorem</strong></span> <span class='ocrx_word' id='word_1_23' title='bbox 709 736 833 794; x_wconf 87' lang='lat' dir='ltr'><strong>luminis</strong></span> <span class='ocrx_word' id='word_1_24' title='bbox 854 735 974 810; x_wconf 84' lang='lat' dir='ltr'><strong>perdat:</strong></span> <span class='ocrx_word' id='word_1_25' title='bbox 996 736 1119 812; x_wconf 80' lang='lat' dir='ltr'><strong>perdere</strong></span> <span class='ocrx_word' id='word_1_26' title='bbox 1141 738 1243 793; x_wconf 88' lang='lat' dir='ltr'><strong>autem</strong></span> <span class='ocrx_word' id='word_1_27' title='bbox 1260 732 1348 791; x_wconf 84' lang='lat' dir='ltr'><strong>Graeci</strong></span> 
     </span>
     <span class='ocr_line' id='line_1_5' title="bbox 232 817 1348 907; baseline -0.005 -22"><span class='ocrx_word' id='word_1_28' title='bbox 232 837 284 907; x_wconf 22' lang='lat' dir='ltr'><strong>*lou</strong></span> <span class='ocrx_word' id='word_1_29' title='bbox 296 839 341 877; x_wconf 80' lang='lat' dir='ltr'><strong>nr</strong></span> <span class='ocrx_word' id='word_1_30' title='bbox 353 824 467 899; x_wconf 79' lang='lat' dir='ltr'><strong>apollin</strong></span> <span class='ocrx_word' id='word_1_31' title='bbox 493 824 605 883; x_wconf 69' lang='lat' dir='ltr'><strong>dicunt</strong></span> <span class='ocrx_word' id='word_1_32' title='bbox 637 824 754 883; x_wconf 82' lang='lat' dir='ltr'><strong>Videtis</strong></span> <span class='ocrx_word' id='word_1_33' title='bbox 774 817 780 905; x_wconf 83' lang='grc' dir='ltr'>Ι</span> <span class='ocrx_word' id='word_1_34' title='bbox 800 826 836 883; x_wconf 92' lang='lat' dir='ltr'><strong>ut</strong></span> <span class='ocrx_word' id='word_1_35' title='bbox 852 820 969 901; x_wconf 80' lang='lat' dir='ltr'><strong>(istos)</strong></span> <span class='ocrx_word' id='word_1_36' title='bbox 987 826 1210 883; x_wconf 84' lang='lat' dir='ltr'><strong>commenticios</strong></span> <span class='ocrx_word' id='word_1_37' title='bbox 1228 826 1260 881; x_wconf 90' lang='lat' dir='ltr'><strong>et</strong></span> <span class='ocrx_word' id='word_1_38' title='bbox 1279 821 1348 879; x_wconf 84' lang='lat' dir='ltr'><strong>fictos</strong></span> 
     </span>
     <span class='ocr_line' id='line_1_6' title="bbox 317 910 1372 991; baseline -0.004 -15"><span class='ocrx_word' id='word_1_39' title='bbox 317 912 423 977; x_wconf 69' lang='lat' dir='ltr'><strong>ldeos</strong></span> <span class='ocrx_word' id='word_1_40' title='bbox 449 912 641 972; x_wconf 78' lang='lat' dir='ltr'><strong>mrbulenun</strong></span> <span class='ocrx_word' id='word_1_41' title='bbox 668 933 751 973; x_wconf 88' lang='lat' dir='ltr'><strong>error</strong></span> <span class='ocrx_word' id='word_1_42' title='bbox 771 910 1013 991; x_wconf 82' lang='lat' dir='ltr'><strong>&lt;ex&gt;cog(itet&gt;‚</strong></span> <span class='ocrx_word' id='word_1_43' title='bbox 1040 918 1076 971; x_wconf 89' lang='lat' dir='ltr'><strong>ut</strong></span> <span class='ocrx_word' id='word_1_44' title='bbox 1102 911 1372 988; x_wconf 69' lang='lat' dir='ltr'><strong>superstitionibusi</strong></span> 
     </span>
     <span class='ocr_line' id='line_1_7' title="bbox 277 998 1349 1081; baseline 0 -24"><span class='ocrx_word' id='word_1_45' title='bbox 277 1017 338 1065; x_wconf 65' lang='grc' dir='ltr'><strong>(ιω)</strong></span> <span class='ocrx_word' id='word_1_46' title='bbox 352 1001 484 1060; x_wconf 84' lang='lat' dir='ltr'><strong>anilibus</strong></span> <span class='ocrx_word' id='word_1_47' title='bbox 510 1005 542 1059; x_wconf 91' lang='lat' dir='ltr'><strong>et</strong></span> <span class='ocrx_word' id='word_1_48' title='bbox 562 1004 677 1061; x_wconf 83' lang='lat' dir='ltr'><strong>formae</strong></span> <span class='ocrx_word' id='word_1_49' title='bbox 699 1002 786 1062; x_wconf 89' lang='lat' dir='ltr'><strong>nobis</strong></span> <span class='ocrx_word' id='word_1_50' title='bbox 810 1003 932 1062; x_wconf 91' lang='lat' dir='ltr'><strong>deorum</strong></span> <span class='ocrx_word' id='word_1_51' title='bbox 949 998 1171 1081; x_wconf 84' lang='lat' dir='ltr'><strong>&lt;gene&gt;rentur</strong></span> <span class='ocrx_word' id='word_1_52' title='bbox 1188 1005 1220 1060; x_wconf 89' lang='lat' dir='ltr'><strong>ct</strong></span> <span class='ocrx_word' id='word_1_53' title='bbox 1236 1003 1349 1060; x_wconf 82' lang='lat' dir='ltr'><strong>nomina.</strong></span> 
     </span>
     <span class='ocr_line' id='line_1_8' title="bbox 353 1089 1349 1151; baseline -0.002 -2"><span class='ocrx_word' id='word_1_54' title='bbox 353 1089 412 1149; x_wconf 80' lang='lat' dir='ltr'><strong>Sed</strong></span> <span class='ocrx_word' id='word_1_55' title='bbox 434 1090 507 1149; x_wconf 81' lang='lat' dir='ltr'><strong>hoec</strong></span> <span class='ocrx_word' id='word_1_56' title='bbox 528 1092 630 1150; x_wconf 89' lang='lat' dir='ltr'><strong>omnia</strong></span> <span class='ocrx_word' id='word_1_57' title='bbox 651 1094 764 1151; x_wconf 78' lang='lat' dir='ltr'><strong>veritas</strong></span> <span class='ocrx_word' id='word_1_58' title='bbox 788 1092 901 1151; x_wconf 85' lang='lat' dir='ltr'><strong>detexit</strong></span> <span class='ocrx_word' id='word_1_59' title='bbox 923 1096 954 1150; x_wconf 88' lang='lat' dir='ltr'><strong>et</strong></span> <span class='ocrx_word' id='word_1_60' title='bbox 976 1093 1054 1151; x_wconf 86' lang='lat' dir='ltr'><strong>ratio</strong></span> <span class='ocrx_word' id='word_1_61' title='bbox 1077 1110 1169 1150; x_wconf 73' lang='lat' dir='ltr'><strong>sanae</strong></span> <span class='ocrx_word' id='word_1_62' title='bbox 1191 1090 1298 1149; x_wconf 86' lang='lat' dir='ltr'><strong>mentis</strong></span> <span class='ocrx_word' id='word_1_63' title='bbox 1315 1091 1349 1147; x_wconf 88' lang='lat' dir='ltr'><strong>in·</strong></span> 
     </span>
     <span class='ocr_line' id='line_1_9' title="bbox 352 1178 1349 1259; baseline 0 -22"><span class='ocrx_word' id='word_1_64' title='bbox 352 1180 445 1253; x_wconf 82' lang='lat' dir='ltr'><strong>venit,</strong></span> <span class='ocrx_word' id='word_1_65' title='bbox 466 1183 502 1238; x_wconf 87' lang='lat' dir='ltr'><strong>ut</strong></span> <span class='ocrx_word' id='word_1_66' title='bbox 523 1179 713 1259; x_wconf 68' lang='lat' dir='ltr'><strong>investigetis</strong></span> <span class='ocrx_word' id='word_1_67' title='bbox 740 1178 878 1241; x_wconf 84' lang='lat' dir='ltr'><strong>omnibus</strong></span> <span class='ocrx_word' id='word_1_68' title='bbox 903 1185 996 1257; x_wconf 82' lang='lat' dir='ltr'><strong>atque</strong></span> <span class='ocrx_word' id='word_1_69' title='bbox 1018 1180 1153 1255; x_wconf 78' lang='lat' dir='ltr'><strong>detectis,</strong></span> <span class='ocrx_word' id='word_1_70' title='bbox 1176 1198 1254 1256; x_wconf 82' lang='lat' dir='ltr'><strong>quue</strong></span> <span class='ocrx_word' id='word_1_71' title='bbox 1277 1179 1349 1237; x_wconf 82' lang='lat' dir='ltr'><strong>seori-</strong></span> 
     </span>
     <span class='ocr_line' id='line_1_10' title="bbox 352 1268 1351 1347; baseline -0.002 -20"><span class='ocrx_word' id='word_1_72' title='bbox 352 1269 438 1347; x_wconf 87' lang='lat' dir='ltr'><strong>legns</strong></span> <span class='ocrx_word' id='word_1_73' title='bbox 459 1287 543 1327; x_wconf 89' lang='lat' dir='ltr'><strong>error</strong></span> <span class='ocrx_word' id='word_1_74' title='bbox 564 1269 768 1344; x_wconf 81' lang='lat' dir='ltr'><strong>absconderat,</strong></span> <span class='ocrx_word' id='word_1_75' title='bbox 786 1272 897 1330; x_wconf 73' lang='lat' dir='ltr'><strong>veritus</strong></span> <span class='ocrx_word' id='word_1_76' title='bbox 915 1272 1021 1329; x_wconf 78' lang='lat' dir='ltr'><strong>renata</strong></span> <span class='ocrx_word' id='word_1_77' title='bbox 1038 1271 1159 1329; x_wconf 84' lang='lat' dir='ltr'><strong>luceret</strong></span> <span class='ocrx_word' id='word_1_78' title='bbox 1186 1268 1269 1328; x_wconf 87' lang='lat' dir='ltr'><strong>Haec</strong></span> <span class='ocrx_word' id='word_1_79' title='bbox 1286 1268 1351 1327; x_wconf 89' lang='lat' dir='ltr'><strong>enin</strong></span> 
     </span>
     <span class='ocr_line' id='line_1_11' title="bbox 353 1359 1376 1435; baseline 0.002 -20"><span class='ocrx_word' id='word_1_80' title='bbox 353 1359 454 1415; x_wconf 89' lang='lat' dir='ltr'><strong>omnia</strong></span> <span class='ocrx_word' id='word_1_81' title='bbox 484 1376 553 1417; x_wconf 90' lang='lat' dir='ltr'><strong>cum</strong></span> <span class='ocrx_word' id='word_1_82' title='bbox 585 1363 684 1418; x_wconf 85' lang='lat' dir='ltr'><strong>essent</strong></span> <span class='ocrx_word' id='word_1_83' title='bbox 708 1361 788 1419; x_wconf 86' lang='lat' dir='ltr'><strong>male</strong></span> <span class='ocrx_word' id='word_1_84' title='bbox 815 1360 971 1435; x_wconf 82' lang='lat' dir='ltr'><strong>conposita</strong></span> <span class='ocrx_word' id='word_1_85' title='bbox 997 1361 1107 1418; x_wconf 79' lang='lat' dir='ltr'><strong>terrori</strong></span> <span class='ocrx_word' id='word_1_86' title='bbox 1132 1359 1261 1435; x_wconf 84' lang='lat' dir='ltr'><strong>primum</strong></span> <span class='ocrx_word' id='word_1_87' title='bbox 1283 1360 1376 1419; x_wconf 77' lang='lat' dir='ltr'><strong>mereo</strong></span> 
     </span>
     <span class='ocr_line' id='line_1_12' title="bbox 352 1446 1351 1525; baseline -0.002 -20"><span class='ocrx_word' id='word_1_88' title='bbox 352 1446 538 1520; x_wconf 73' lang='lat' dir='ltr'><strong>mortalibus,</strong></span> <span class='ocrx_word' id='word_1_89' title='bbox 569 1448 675 1507; x_wconf 88' lang='lat' dir='ltr'><strong>dehinc</strong></span> <span class='ocrx_word' id='word_1_90' title='bbox 706 1452 884 1525; x_wconf 87' lang='lat' dir='ltr'><strong>consumpta</strong></span> <span class='ocrx_word' id='word_1_91' title='bbox 915 1450 1049 1508; x_wconf 85' lang='lat' dir='ltr'><strong>novitate</strong></span> <span class='ocrx_word' id='word_1_92' title='bbox 1085 1449 1174 1524; x_wconf 82' lang='lat' dir='ltr'><strong>quusi</strong></span> <span class='ocrx_word' id='word_1_93' title='bbox 1205 1467 1241 1506; x_wconf 87' lang='lat' dir='ltr'><strong>ex</strong></span> <span class='ocrx_word' id='word_1_94' title='bbox 1275 1448 1351 1522; x_wconf 83' lang='lat' dir='ltr'><strong>longe</strong></span> 
     </span>
    </p>
   </div>
   <div class='ocr_carea' id='block_1_3' title="bbox 352 1634 1356 2491">
    <p class='ocr_par' dir='ltr' id='par_1_3' title="bbox 352 1634 1356 2491">
     <span class='ocr_line' id='line_1_13' title="bbox 353 1634 1353 1705; baseline -0.001 -18"><span class='ocrx_word' id='word_1_95' title='bbox 353 1634 490 1689; x_wconf 85' lang='lat' dir='ltr'><strong>Venerem</strong></span> <span class='ocrx_word' id='word_1_96' title='bbox 517 1635 607 1688; x_wconf 88' lang='lat' dir='ltr'><strong>nostri</strong></span> <span class='ocrx_word' id='word_1_97' title='bbox 633 1636 855 1703; x_wconf 82' lang='lat' dir='ltr'><strong>nominaverunt,</strong></span> <span class='ocrx_word' id='word_1_98' title='bbox 884 1640 969 1705; x_wconf 68' lang='lat' dir='ltr'><strong>atque</strong></span> <span class='ocrx_word' id='word_1_99' title='bbox 996 1654 1031 1689; x_wconf 88' lang='lat' dir='ltr'><strong>ex</strong></span> <span class='ocrx_word' id='word_1_100' title='bbox 1057 1652 1092 1690; x_wconf 88' lang='lat' dir='ltr'><strong>ea</strong></span> <span class='ocrx_word' id='word_1_101' title='bbox 1118 1636 1214 1703; x_wconf 86' lang='lat' dir='ltr'><strong>potius</strong></span> <span class='ocrx_word' id='word_1_102' title='bbox 1237 1638 1353 1688; x_wconf 63' lang='lat' dir='ltr'><strong>venuste</strong></span> 
     </span>
     <span class='ocr_line' id='line_1_14' title="bbox 353 1706 1353 1778; baseline -0.001 -19"><span class='ocrx_word' id='word_1_103' title='bbox 353 1723 439 1774; x_wconf 84' lang='lat' dir='ltr'><strong>quam</strong></span> <span class='ocrx_word' id='word_1_104' title='bbox 452 1706 546 1761; x_wconf 89' lang='lat' dir='ltr'><strong>Venus</strong></span> <span class='ocrx_word' id='word_1_105' title='bbox 560 1724 595 1761; x_wconf 84' lang='lat' dir='ltr'><strong>ex</strong></span> <span class='ocrx_word' id='word_1_106' title='bbox 612 1711 767 1761; x_wconf 80' lang='lat' dir='ltr'><strong>venustate.</strong></span> <span class='ocrx_word' id='word_1_107' title='bbox 786 1708 932 1762; x_wconf 85' lang='lat' dir='ltr'><strong>Videtisne</strong></span> <span class='ocrx_word' id='word_1_108' title='bbox 950 1708 1046 1778; x_wconf 87' lang='lat' dir='ltr'><strong>igitur,</strong></span> <span class='ocrx_word' id='word_1_109' title='bbox 1064 1711 1097 1761; x_wconf 93' lang='lat' dir='ltr'><strong>ut</strong></span> <span class='ocrx_word' id='word_1_110' title='bbox 1110 1725 1128 1759; x_wconf 88' lang='lat' dir='ltr'><strong>a</strong></span> <span class='ocrx_word' id='word_1_111' title='bbox 1141 1708 1266 1776; x_wconf 81' lang='lat' dir='ltr'><strong>physicis</strong></span> <span class='ocrx_word' id='word_1_112' title='bbox 1283 1707 1353 1759; x_wconf 78' lang='lat' dir='ltr'><strong>rebus</strong></span> 
     </span>
     <span class='ocr_line' id='line_1_15' title="bbox 353 1777 1353 1847; baseline -0.004 -16"><span class='ocrx_word' id='word_1_113' title='bbox 353 1777 424 1832; x_wconf 88' lang='lat' dir='ltr'><strong>bene</strong></span> <span class='ocrx_word' id='word_1_114' title='bbox 446 1782 531 1847; x_wconf 86' lang='lat' dir='ltr'><strong>atque</strong></span> <span class='ocrx_word' id='word_1_115' title='bbox 553 1778 662 1832; x_wconf 87' lang='lat' dir='ltr'><strong>utiliter</strong></span> <span class='ocrx_word' id='word_1_116' title='bbox 683 1779 805 1834; x_wconf 84' lang='lat' dir='ltr'><strong>inventis</strong></span> <span class='ocrx_word' id='word_1_117' title='bbox 828 1784 919 1834; x_wconf 88' lang='lat' dir='ltr'><strong>tracta</strong></span> <span class='ocrx_word' id='word_1_118' title='bbox 943 1779 1016 1833; x_wconf 87' lang='lat' dir='ltr'><strong>ratio</strong></span> <span class='ocrx_word' id='word_1_119' title='bbox 1040 1778 1078 1833; x_wconf 89' lang='lat' dir='ltr'><strong>sit</strong></span> <span class='ocrx_word' id='word_1_120' title='bbox 1099 1779 1137 1831; x_wconf 86' lang='lat' dir='ltr'><strong>ad</strong></span> <span class='ocrx_word' id='word_1_121' title='bbox 1159 1778 1353 1832; x_wconf 79' lang='lat' dir='ltr'><strong>commenticios</strong></span> 
     </span>
     <span class='ocr_line' id='line_1_16' title="bbox 352 1849 1354 1920; baseline -0.002 -17"><span class='ocrx_word' id='word_1_122' title='bbox 352 1852 383 1903; x_wconf 90' lang='lat' dir='ltr'><strong>et</strong></span> <span class='ocrx_word' id='word_1_123' title='bbox 401 1849 478 1903; x_wconf 87' lang='lat' dir='ltr'><strong>fictos</strong></span> <span class='ocrx_word' id='word_1_124' title='bbox 498 1850 582 1903; x_wconf 79' lang='lat' dir='ltr'><strong>deos?</strong></span> <span class='ocrx_word' id='word_1_125' title='bbox 605 1867 677 1918; x_wconf 86' lang='lat' dir='ltr'><strong>quse</strong></span> <span class='ocrx_word' id='word_1_126' title='bbox 691 1868 734 1905; x_wconf 89' lang='lat' dir='ltr'><strong>res</strong></span> <span class='ocrx_word' id='word_1_127' title='bbox 749 1852 848 1920; x_wconf 85' lang='lat' dir='ltr'><strong>genuit</strong></span> <span class='ocrx_word' id='word_1_128' title='bbox 861 1851 948 1905; x_wconf 75' lang='lat' dir='ltr'><strong>falsas</strong></span> <span class='ocrx_word' id='word_1_129' title='bbox 966 1850 1112 1919; x_wconf 88' lang='lat' dir='ltr'><strong>opiniones</strong></span> <span class='ocrx_word' id='word_1_130' title='bbox 1130 1866 1291 1919; x_wconf 85' lang='lat' dir='ltr'><strong>erroresque</strong></span> <span class='ocrx_word' id='word_1_131' title='bbox 1307 1854 1354 1901; x_wconf 87' lang='lat' dir='ltr'><strong>tur·</strong></span> 
     </span>
     <span class='ocr_line' id='line_1_17' title="bbox 352 1919 1354 1992; baseline -0.004 -18"><span class='ocrx_word' id='word_1_132' title='bbox 352 1920 484 1975; x_wconf 83' lang='lat' dir='ltr'><strong>bulentos</strong></span> <span class='ocrx_word' id='word_1_133' title='bbox 501 1924 531 1975; x_wconf 95' lang='lat' dir='ltr'><strong>et</strong></span> <span class='ocrx_word' id='word_1_134' title='bbox 548 1923 761 1990; x_wconf 87' lang='lat' dir='ltr'><strong>superstitiones</strong></span> <span class='ocrx_word' id='word_1_135' title='bbox 781 1940 870 1992; x_wconf 87' lang='lat' dir='ltr'><strong>paene</strong></span> <span class='ocrx_word' id='word_1_136' title='bbox 889 1923 987 1976; x_wconf 87' lang='lat' dir='ltr'><strong>aniles.</strong></span> <span class='ocrx_word' id='word_1_137' title='bbox 1019 1921 1056 1974; x_wconf 80' lang='lat' dir='ltr'><strong>Et</strong></span> <span class='ocrx_word' id='word_1_138' title='bbox 1074 1922 1181 1975; x_wconf 81' lang='lat' dir='ltr'><strong>lormee</strong></span> <span class='ocrx_word' id='word_1_139' title='bbox 1198 1923 1273 1975; x_wconf 83' lang='lat' dir='ltr'><strong>enirn</strong></span> <span class='ocrx_word' id='word_1_140' title='bbox 1285 1919 1354 1973; x_wconf 87' lang='lat' dir='ltr'><strong>nobis</strong></span> 
     </span>
     <span class='ocr_line' id='line_1_18' title="bbox 353 1992 1354 2063; baseline 0 -19"><span class='ocrx_word' id='word_1_141' title='bbox 353 1992 470 2047; x_wconf 88' lang='lat' dir='ltr'><strong>deorum</strong></span> <span class='ocrx_word' id='word_1_142' title='bbox 483 1997 512 2046; x_wconf 88' lang='lat' dir='ltr'><strong>et</strong></span> <span class='ocrx_word' id='word_1_143' title='bbox 526 1995 635 2047; x_wconf 81' lang='lat' dir='ltr'><strong>aetates</strong></span> <span class='ocrx_word' id='word_1_144' title='bbox 648 1997 679 2048; x_wconf 91' lang='lat' dir='ltr'><strong>et</strong></span> <span class='ocrx_word' id='word_1_145' title='bbox 692 1994 810 2047; x_wconf 81' lang='lat' dir='ltr'><strong>vestitus</strong></span> <span class='ocrx_word' id='word_1_146' title='bbox 824 1998 996 2063; x_wconf 86' lang='lat' dir='ltr'><strong>ornatusque</strong></span> <span class='ocrx_word' id='word_1_147' title='bbox 1009 1992 1071 2046; x_wconf 91' lang='lat' dir='ltr'><strong>noti</strong></span> <span class='ocrx_word' id='word_1_148' title='bbox 1085 1997 1158 2047; x_wconf 89' lang='lat' dir='ltr'><strong>sunt.</strong></span> <span class='ocrx_word' id='word_1_149' title='bbox 1214 1994 1234 2047; x_wconf 76' lang='grc'>9</span> <span class='ocrx_word' id='word_1_150' title='bbox 1248 1994 1354 2047; x_wconf 75' lang='lat' dir='ltr'><strong>Pseudo·</strong></span> 
     </span>
     <span class='ocr_line' id='line_1_19' title="bbox 355 2064 1355 2134; baseline -0.003 -17"><span class='ocrx_word' id='word_1_151' title='bbox 355 2064 470 2134; x_wconf 64' lang='lat' dir='ltr'><strong>Quinta.</strong></span> <span class='ocrx_word' id='word_1_152' title='bbox 485 2065 597 2119; x_wconf 72' lang='lat' dir='ltr'><strong>declam</strong></span> <span class='ocrx_word' id='word_1_153' title='bbox 612 2066 661 2120; x_wconf 87' lang='lat' dir='ltr'><strong>IV</strong></span> <span class='ocrx_word' id='word_1_154' title='bbox 672 2072 723 2120; x_wconf 75' lang='lat'><strong>14:</strong></span> <span class='ocrx_word' id='word_1_155' title='bbox 740 2066 818 2119; x_wconf 86' lang='lat' dir='ltr'><strong>Haeo</strong></span> <span class='ocrx_word' id='word_1_156' title='bbox 833 2066 925 2133; x_wconf 79' lang='lat' dir='ltr'><strong>eredo,</strong></span> <span class='ocrx_word' id='word_1_157' title='bbox 938 2068 1027 2134; x_wconf 86' lang='lat' dir='ltr'><strong>pater,</strong></span> <span class='ocrx_word' id='word_1_158' title='bbox 1046 2064 1146 2119; x_wconf 88' lang='lat' dir='ltr'><strong>terrori</strong></span> <span class='ocrx_word' id='word_1_159' title='bbox 1163 2064 1262 2132; x_wconf 88' lang='lat' dir='ltr'><strong>primis</strong></span> <span class='ocrx_word' id='word_1_160' title='bbox 1280 2064 1355 2116; x_wconf 89' lang='lat' dir='ltr'><strong>fnisse</strong></span> 
     </span>
     <span class='ocr_line' id='line_1_20' title="bbox 352 2134 1354 2209; baseline -0.002 -20"><span class='ocrx_word' id='word_1_161' title='bbox 352 2134 527 2201; x_wconf 75' lang='lat' dir='ltr'><strong>mortalibus,</strong></span> <span class='ocrx_word' id='word_1_162' title='bbox 549 2153 615 2191; x_wconf 88' lang='lat' dir='ltr'><strong>mox</strong></span> <span class='ocrx_word' id='word_1_163' title='bbox 638 2137 854 2191; x_wconf 73' lang='lat' dir='ltr'><strong>admirationem</strong></span> <span class='ocrx_word' id='word_1_164' title='bbox 877 2140 1044 2205; x_wconf 89' lang='lat' dir='ltr'><strong>consumpta</strong></span> <span class='ocrx_word' id='word_1_165' title='bbox 1071 2136 1197 2209; x_wconf 74' lang='lat' dir='ltr'><strong>novitate</strong></span> <span class='ocrx_word' id='word_1_166' title='bbox 1224 2135 1354 2189; x_wconf 87' lang='lat' dir='ltr'><strong>meruisse.</strong></span> 
     </span>
     <span class='ocr_line' id='line_1_21' title="bbox 352 2206 1356 2278; baseline -0.004 -18"><span class='ocrx_word' id='word_1_167' title='bbox 352 2206 491 2277; x_wconf 88' lang='lat' dir='ltr'><strong>paulatim</strong></span> <span class='ocrx_word' id='word_1_168' title='bbox 509 2208 612 2261; x_wconf 88' lang='lat' dir='ltr'><strong>deinde</strong></span> <span class='ocrx_word' id='word_1_169' title='bbox 634 2207 687 2263; x_wconf 88' lang='lat' dir='ltr'><strong>hoo</strong></span> <span class='ocrx_word' id='word_1_170' title='bbox 705 2210 781 2277; x_wconf 88' lang='lat' dir='ltr'><strong>quod</strong></span> <span class='ocrx_word' id='word_1_171' title='bbox 800 2212 953 2278; x_wconf 81' lang='lat' dir='ltr'><strong>stupemus,</strong></span> <span class='ocrx_word' id='word_1_172' title='bbox 973 2206 1083 2262; x_wconf 87' lang='lat' dir='ltr'><strong>animus</strong></span> <span class='ocrx_word' id='word_1_173' title='bbox 1099 2225 1183 2261; x_wconf 84' lang='lat' dir='ltr'><strong>ausus</strong></span> <span class='ocrx_word' id='word_1_174' title='bbox 1215 2207 1356 2275; x_wconf 84' lang='lat' dir='ltr'><strong>diligenter</strong></span> 
     </span>
     <span class='ocr_line' id='line_1_22' title="bbox 352 2278 1355 2349; baseline -0.004 -17"><span class='ocrx_word' id='word_1_175' title='bbox 352 2279 514 2346; x_wconf 83' lang='lat' dir='ltr'><strong>adtendere,</strong></span> <span class='ocrx_word' id='word_1_176' title='bbox 539 2280 568 2332; x_wconf 92' lang='lat' dir='ltr'><strong>in</strong></span> <span class='ocrx_word' id='word_1_177' title='bbox 592 2296 695 2333; x_wconf 88' lang='lat' dir='ltr'><strong>arcana</strong></span> <span class='ocrx_word' id='word_1_178' title='bbox 719 2284 837 2334; x_wconf 72' lang='lat' dir='ltr'><strong>naturae</strong></span> <span class='ocrx_word' id='word_1_179' title='bbox 865 2298 976 2335; x_wconf 80' lang='lat' dir='ltr'><strong>sucrum</strong></span> <span class='ocrx_word' id='word_1_180' title='bbox 1002 2279 1081 2332; x_wconf 83' lang='lat' dir='ltr'><strong>misit</strong></span> <span class='ocrx_word' id='word_1_181' title='bbox 1102 2278 1256 2349; x_wconf 81' lang='lat' dir='ltr'><strong>ingenium,</strong></span> <span class='ocrx_word' id='word_1_182' title='bbox 1279 2282 1306 2331; x_wconf 92' lang='lat' dir='ltr'><strong>et</strong></span> <span class='ocrx_word' id='word_1_183' title='bbox 1329 2294 1355 2328; x_wconf 86' lang='lat' dir='ltr'><strong>ex</strong></span> 
     </span>
     <span class='ocr_line' id='line_1_23' title="bbox 353 2349 1356 2421; baseline -0.003 -17"><span class='ocrx_word' id='word_1_184' title='bbox 353 2349 479 2404; x_wconf 81' lang='lat' dir='ltr'><strong>adsiduis</strong></span> <span class='ocrx_word' id='word_1_185' title='bbox 497 2350 738 2405; x_wconf 82' lang='lat' dir='ltr'><strong>observationibus</strong></span> <span class='ocrx_word' id='word_1_186' title='bbox 752 2351 883 2421; x_wconf 89' lang='lat' dir='ltr'><strong>notisque</strong></span> <span class='ocrx_word' id='word_1_187' title='bbox 896 2350 1080 2405; x_wconf 90' lang='lat' dir='ltr'><strong>redeuntibus</strong></span> <span class='ocrx_word' id='word_1_188' title='bbox 1093 2350 1243 2403; x_wconf 67' lang='lat' dir='ltr'><strong>latentium</strong></span> <span class='ocrx_word' id='word_1_189' title='bbox 1257 2350 1356 2403; x_wconf 82' lang='lat' dir='ltr'><strong>ratione</strong></span> 
     </span>
     <span class='ocr_line' id='line_1_24' title="bbox 353 2420 797 2491; baseline 0 -16"><span class='ocrx_word' id='word_1_190' title='bbox 353 2420 471 2475; x_wconf 89' lang='lat' dir='ltr'><strong>collecta</strong></span> <span class='ocrx_word' id='word_1_191' title='bbox 488 2422 616 2491; x_wconf 85' lang='lat' dir='ltr'><strong>pervenit</strong></span> <span class='ocrx_word' id='word_1_192' title='bbox 634 2423 671 2475; x_wconf 89' lang='lat' dir='ltr'><strong>ad</strong></span> <span class='ocrx_word' id='word_1_193' title='bbox 689 2439 797 2477; x_wconf 82' lang='lat' dir='ltr'><strong>censae.</strong></span> 
     </span>
    </p>
   </div>
   <div class='ocr_carea' id='block_1_4' title="bbox 352 2580 1394 2939">
    <p class='ocr_par' dir='ltr' id='par_1_4' title="bbox 352 2580 1394 2939">
     <span class='ocr_line' id='line_1_25' title="bbox 444 2580 1394 2661; baseline -0.003 -26"><span class='ocrx_word' id='word_1_194' title='bbox 444 2581 593 2636; x_wconf 85' lang='lat' dir='ltr'><strong>lomittat</strong></span> <span class='ocrx_word' id='word_1_195' title='bbox 611 2585 645 2649; x_wconf 88' lang='lat' dir='ltr'><strong>P,</strong></span> <span class='ocrx_word' id='word_1_196' title='bbox 663 2601 711 2637; x_wconf 87' lang='lat' dir='ltr'><strong>em.</strong></span> <span class='ocrx_word' id='word_1_197' title='bbox 726 2585 775 2638; x_wconf 82' lang='lat' dir='ltr'><strong>Fi.</strong></span> <span class='ocrx_word' id='word_1_198' title='bbox 838 2582 901 2638; x_wconf 60' lang='lat' dir='ltr'><strong>td.</strong></span> <span class='ocrx_word' id='word_1_199' title='bbox 912 2601 942 2652; x_wconf 82' lang='lat' dir='ltr'><strong>p.</strong></span> <span class='ocrx_word' id='word_1_200' title='bbox 958 2583 1056 2637; x_wconf 92' lang='lat' dir='ltr'><strong>dicunt</strong></span> <span class='ocrx_word' id='word_1_201' title='bbox 1074 2583 1139 2637; x_wconf 79' lang='lat' dir='ltr'><strong>add.</strong></span> <span class='ocrx_word' id='word_1_202' title='bbox 1199 2580 1357 2637; x_wconf 71' lang='lat' dir='ltr'><strong>ldxdllec</strong></span> <span class='ocrx_word' id='word_1_203' title='bbox 1393 2644 1394 2661; x_wconf 14' lang='grc' dir='ltr'><strong>χ</strong></span> 
     </span>
     <span class='ocr_line' id='line_1_26' title="bbox 353 2654 1356 2725; baseline -0.002 -18"><span class='ocrx_word' id='word_1_204' title='bbox 353 2654 397 2708; x_wconf 80' lang='lat' dir='ltr'><strong>Pl</strong></span> <span class='ocrx_word' id='word_1_205' title='bbox 410 2657 499 2719; x_wconf 82' lang='lat' dir='ltr'><strong>(recte,</strong></span> <span class='ocrx_word' id='word_1_206' title='bbox 517 2656 552 2720; x_wconf 80' lang='lat' dir='ltr'><strong>cf.</strong></span> <span class='ocrx_word' id='word_1_207' title='bbox 572 2656 679 2720; x_wconf 79' lang='lat' dir='ltr'><strong>Usener,</strong></span> <span class='ocrx_word' id='word_1_208' title='bbox 696 2656 889 2710; x_wconf 78' lang='lat' dir='ltr'><strong>Gdtternamea</strong></span> <span class='ocrx_word' id='word_1_209' title='bbox 902 2673 933 2723; x_wconf 83' lang='lat' dir='ltr'><strong>p.</strong></span> <span class='ocrx_word' id='word_1_210' title='bbox 949 2659 1003 2709; x_wconf 90' lang='lat'><strong>305</strong></span> <span class='ocrx_word' id='word_1_211' title='bbox 1021 2671 1083 2709; x_wconf 81' lang='lat' dir='ltr'><strong>cam</strong></span> <span class='ocrx_word' id='word_1_212' title='bbox 1100 2672 1129 2707; x_wconf 75' lang='lat' dir='ltr'><strong>a.</strong></span> <span class='ocrx_word' id='word_1_213' title='bbox 1145 2658 1163 2707; x_wconf 88' lang='lat'><strong><em>7</em></strong></span> <span class='ocrx_word' id='word_1_214' title='bbox 1175 2654 1270 2725; x_wconf 73' lang='lat' dir='ltr'><strong>[8ng</strong></span> <span class='ocrx_word' id='word_1_215' title='bbox 1283 2654 1356 2707; x_wconf 72' lang='grc' dir='ltr'><strong><em>ἀπολ-</em></strong></span> 
     </span>
     <span class='ocr_line' id='line_1_27' title="bbox 353 2725 1394 2796; baseline -0.001 -17"><span class='ocrx_word' id='word_1_216' title='bbox 353 2725 435 2779; x_wconf 64' lang='lat' dir='ltr'><strong>iuvat</strong></span> <span class='ocrx_word' id='word_1_217' title='bbox 451 2726 496 2792; x_wconf 87' lang='lat' dir='ltr'><strong>Oe,</strong></span> <span class='ocrx_word' id='word_1_218' title='bbox 514 2727 630 2780; x_wconf 71' lang='grc' dir='ltr'><strong>ἀπολεῖν</strong></span> <span class='ocrx_word' id='word_1_219' title='bbox 644 2727 693 2779; x_wconf 84' lang='lat' dir='ltr'><strong>Bu</strong></span> <span class='ocrx_word' id='word_1_220' title='bbox 703 2728 761 2780; x_wconf 88' lang='lat' dir='ltr'><strong>Hc.</strong></span> <span class='ocrx_word' id='word_1_221' title='bbox 843 2727 911 2781; x_wconf 91' lang='lat' dir='ltr'><strong>istos</strong></span> <span class='ocrx_word' id='word_1_222' title='bbox 926 2744 984 2792; x_wconf 75' lang='lat' dir='ltr'><strong>cos,</strong></span> <span class='ocrx_word' id='word_1_223' title='bbox 997 2744 1022 2781; x_wconf 85' lang='lat' dir='ltr'><strong>o.</strong></span> <span class='ocrx_word' id='word_1_224' title='bbox 1033 2728 1123 2794; x_wconf 77' lang='lat' dir='ltr'><strong>praef.</strong></span> <span class='ocrx_word' id='word_1_225' title='bbox 1138 2726 1159 2796; x_wconf 66' lang='grc'><em>5</em></span> <span class='ocrx_word' id='word_1_226' title='bbox 1174 2731 1200 2791; x_wconf 88' lang='lat'><strong>6,</strong></span> <span class='ocrx_word' id='word_1_227' title='bbox 1218 2726 1291 2779; x_wconf 77' lang='lat' dir='ltr'><strong>nihil</strong></span> <span class='ocrx_word' id='word_1_228' title='bbox 1303 2740 1356 2793; x_wconf 80' lang='lat' dir='ltr'><strong>per·</strong></span> <span class='ocrx_word' id='word_1_229' title='bbox 1393 2748 1394 2753; x_wconf 45' lang='lat'>¹</span> 
     </span>
     <span class='ocr_line' id='line_1_28' title="bbox 352 2797 1356 2867; baseline -0.003 -19"><span class='ocrx_word' id='word_1_230' title='bbox 352 2799 468 2865; x_wconf 79' lang='lat' dir='ltr'><strong>spiritur</strong></span> <span class='ocrx_word' id='word_1_231' title='bbox 485 2799 517 2851; x_wconf 82' lang='lat' dir='ltr'><strong>in</strong></span> <span class='ocrx_word' id='word_1_232' title='bbox 533 2798 564 2864; x_wconf 89' lang='lat' dir='ltr'><strong>P,</strong></span> <span class='ocrx_word' id='word_1_233' title='bbox 577 2801 683 2851; x_wconf 84' lang='lat' dir='ltr'><strong>vestros</strong></span> <span class='ocrx_word' id='word_1_234' title='bbox 697 2815 758 2852; x_wconf 85' lang='lat' dir='ltr'><strong>cum</strong></span> <span class='ocrx_word' id='word_1_235' title='bbox 771 2799 812 2852; x_wconf 85' lang='lat' dir='ltr'><strong>Fl</strong></span> <span class='ocrx_word' id='word_1_236' title='bbox 820 2816 866 2867; x_wconf 85' lang='lat' dir='ltr'><strong>pr.</strong></span> <span class='ocrx_word' id='word_1_237' title='bbox 926 2797 1106 2852; x_wconf 72' lang='lat' dir='ltr'><strong>comenticios</strong></span> <span class='ocrx_word' id='word_1_238' title='bbox 1121 2799 1156 2862; x_wconf 89' lang='lat' dir='ltr'><strong>P,</strong></span> <span class='ocrx_word' id='word_1_239' title='bbox 1170 2804 1201 2851; x_wconf 82' lang='lat' dir='ltr'><strong>ut</strong></span> <span class='ocrx_word' id='word_1_240' title='bbox 1219 2798 1356 2853; x_wconf 63' lang='lat' dir='ltr'><strong>eookoercl</strong></span> 
     </span>
     <span class='ocr_line' id='line_1_29' title="bbox 353 2867 1355 2939; baseline -0.006 -16"><span class='ocrx_word' id='word_1_241' title='bbox 353 2867 398 2934; x_wconf 78' lang='lat' dir='ltr'><strong>Sl,</strong></span> <span class='ocrx_word' id='word_1_242' title='bbox 422 2869 570 2923; x_wconf 87' lang='lat' dir='ltr'><strong>ementitos</strong></span> <span class='ocrx_word' id='word_1_243' title='bbox 590 2869 643 2936; x_wconf 84' lang='lat' dir='ltr'><strong>(uel</strong></span> <span class='ocrx_word' id='word_1_244' title='bbox 666 2869 841 2937; x_wconf 89' lang='lat' dir='ltr'><strong>ementioios)</strong></span> <span class='ocrx_word' id='word_1_245' title='bbox 857 2886 902 2937; x_wconf 83' lang='lat' dir='ltr'><strong>pr.</strong></span> <span class='ocrx_word' id='word_1_246' title='bbox 989 2869 1008 2923; x_wconf 78' lang='lat' dir='ltr'><strong>t</strong></span> <span class='ocrx_word' id='word_1_247' title='bbox 1027 2868 1169 2939; x_wconf 85' lang='lat' dir='ltr'><strong>excogitet</strong></span> <span class='ocrx_word' id='word_1_248' title='bbox 1191 2870 1299 2923; x_wconf 79' lang='lat' dir='ltr'><strong>uidetur</strong></span> <span class='ocrx_word' id='word_1_249' title='bbox 1316 2868 1355 2919; x_wconf 80' lang='lat' dir='ltr'><strong>lc·</strong></span> 
     </span>
    </p>
   </div>
   <div class='ocr_carea' id='block_1_5' title="bbox 352 2955 1357 3328">
    <p class='ocr_par' dir='ltr' id='par_1_5' title="bbox 352 2955 1357 3328">
     <span class='ocr_line' id='line_1_30' title="bbox 353 2955 1356 3046; baseline -0.003 -19"><span class='ocrx_word' id='word_1_250' title='bbox 353 2974 442 3029; x_wconf 82' lang='lat' dir='ltr'><strong>buiese</strong></span> <span class='ocrx_word' id='word_1_251' title='bbox 455 2976 489 3043; x_wconf 89' lang='lat' dir='ltr'><strong>P,</strong></span> <span class='ocrx_word' id='word_1_252' title='bbox 506 2978 542 3044; x_wconf 75' lang='lat' dir='ltr'><strong>cf.</strong></span> <span class='ocrx_word' id='word_1_253' title='bbox 558 2976 626 3031; x_wconf 74' lang='grc' dir='ltr'><strong>ΒΜ</strong></span> <span class='ocrx_word' id='word_1_254' title='bbox 639 2980 698 3031; x_wconf 78' lang='grc'><strong>288</strong></span> <span class='ocrx_word' id='word_1_255' title='bbox 716 2982 742 3029; x_wconf 86' lang='lat' dir='ltr'><strong>et</strong></span> <span class='ocrx_word' id='word_1_256' title='bbox 754 2977 857 3045; x_wconf 78' lang='lat' dir='ltr'><strong>praef,</strong></span> <span class='ocrx_word' id='word_1_257' title='bbox 879 2976 1081 3046; x_wconf 78' lang='lat' dir='ltr'><strong>excogitaverit</strong></span> <span class='ocrx_word' id='word_1_258' title='bbox 1094 2993 1140 3044; x_wconf 82' lang='lat' dir='ltr'><strong>pr.</strong></span> <span class='ocrx_word' id='word_1_259' title='bbox 1231 2955 1356 3036; x_wconf 68' lang='lat' dir='ltr'><strong>celino,</strong></span> 
     </span>
     <span class='ocr_line' id='line_1_31' title="bbox 352 3044 1357 3117; baseline -0.005 -17"><span class='ocrx_word' id='word_1_260' title='bbox 352 3048 393 3100; x_wconf 81' lang='lat' dir='ltr'><strong>eie</strong></span> <span class='ocrx_word' id='word_1_261' title='bbox 410 3048 444 3101; x_wconf 89' lang='lat' dir='ltr'><strong>P.</strong></span> <span class='ocrx_word' id='word_1_262' title='bbox 511 3047 592 3103; x_wconf 89' lang='lat' dir='ltr'><strong>nobis</strong></span> <span class='ocrx_word' id='word_1_263' title='bbox 611 3050 639 3102; x_wconf 94' lang='lat' dir='ltr'><em>P</em></span> <span class='ocrx_word' id='word_1_264' title='bbox 655 3055 680 3102; x_wconf 82' lang='lat' dir='ltr'><strong>et</strong></span> <span class='ocrx_word' id='word_1_265' title='bbox 697 3048 742 3114; x_wconf 77' lang='lat' dir='ltr'><strong>Sc,</strong></span> <span class='ocrx_word' id='word_1_266' title='bbox 761 3047 839 3101; x_wconf 86' lang='lat' dir='ltr'><strong>vobis</strong></span> <span class='ocrx_word' id='word_1_267' title='bbox 854 3064 899 3116; x_wconf 79' lang='lat' dir='ltr'><strong>pr.</strong></span> <span class='ocrx_word' id='word_1_268' title='bbox 914 3065 977 3103; x_wconf 82' lang='lat' dir='ltr'><strong>cum</strong></span> <span class='ocrx_word' id='word_1_269' title='bbox 991 3048 1049 3102; x_wconf 87' lang='lat' dir='ltr'><strong>Wc.</strong></span> <span class='ocrx_word' id='word_1_270' title='bbox 1113 3050 1283 3117; x_wconf 82' lang='lat' dir='ltr'><strong>generentur</strong></span> <span class='ocrx_word' id='word_1_271' title='bbox 1299 3044 1357 3115; x_wconf 70' lang='lat' dir='ltr'><strong>quin</strong></span> 
     </span>
     <span class='ocr_line' id='line_1_32' title="bbox 353 3116 1356 3189; baseline -0.005 -17"><span class='ocrx_word' id='word_1_272' title='bbox 353 3119 385 3172; x_wconf 80' lang='lat' dir='ltr'><strong>in</strong></span> <span class='ocrx_word' id='word_1_273' title='bbox 398 3118 427 3171; x_wconf 91' lang='lat' dir='ltr'><strong><em>P</em></strong></span> <span class='ocrx_word' id='word_1_274' title='bbox 441 3121 527 3185; x_wconf 79' lang='lat' dir='ltr'><strong>suerit</strong></span> <span class='ocrx_word' id='word_1_275' title='bbox 548 3121 597 3174; x_wconf 75' lang='lat' dir='ltr'><strong>cix</strong></span> <span class='ocrx_word' id='word_1_276' title='bbox 614 3120 737 3185; x_wconf 79' lang='lat' dir='ltr'><strong>dubium,</strong></span> <span class='ocrx_word' id='word_1_277' title='bbox 760 3138 785 3173; x_wconf 90' lang='lat' dir='ltr'><strong>c.</strong></span> <span class='ocrx_word' id='word_1_278' title='bbox 799 3121 890 3187; x_wconf 82' lang='lat' dir='ltr'><strong>praes.</strong></span> <span class='ocrx_word' id='word_1_279' title='bbox 909 3119 930 3189; x_wconf 60' lang='grc' dir='ltr'><em>ἕ</em></span> <span class='ocrx_word' id='word_1_280' title='bbox 949 3124 975 3184; x_wconf 87' lang='lat'><strong>6,</strong></span> <span class='ocrx_word' id='word_1_281' title='bbox 996 3118 1119 3171; x_wconf 88' lang='lat' dir='ltr'><strong>traditae</strong></span> <span class='ocrx_word' id='word_1_282' title='bbox 1143 3118 1200 3172; x_wconf 92' lang='lat' dir='ltr'><strong>sint</strong></span> <span class='ocrx_word' id='word_1_283' title='bbox 1219 3120 1272 3187; x_wconf 84' lang='lat' dir='ltr'><strong>(vel</strong></span> <span class='ocrx_word' id='word_1_284' title='bbox 1289 3116 1356 3180; x_wconf 81' lang='lat' dir='ltr'><strong>sunt)</strong></span> 
     </span>
     <span class='ocr_line' id='line_1_33' title="bbox 352 3186 1357 3260; baseline -0.004 -16"><span class='ocrx_word' id='word_1_285' title='bbox 352 3206 414 3244; x_wconf 81' lang='lat' dir='ltr'><strong>cum</strong></span> <span class='ocrx_word' id='word_1_286' title='bbox 433 3192 472 3245; x_wconf 70' lang='grc' dir='ltr'><strong>Π</strong></span> <span class='ocrx_word' id='word_1_287' title='bbox 485 3209 532 3259; x_wconf 76' lang='lat' dir='ltr'><strong>pr,</strong></span> <span class='ocrx_word' id='word_1_288' title='bbox 549 3190 736 3260; x_wconf 87' lang='lat' dir='ltr'><strong>proderentur</strong></span> <span class='ocrx_word' id='word_1_289' title='bbox 753 3191 799 3245; x_wconf 75' lang='lat' dir='ltr'><strong>sk.</strong></span> <span class='ocrx_word' id='word_1_290' title='bbox 897 3192 914 3243; x_wconf 81' lang='lat' dir='ltr'><strong>ll</strong></span> <span class='ocrx_word' id='word_1_291' title='bbox 933 3190 1039 3243; x_wconf 90' lang='lat' dir='ltr'><strong>ueritas</strong></span> <span class='ocrx_word' id='word_1_292' title='bbox 1058 3193 1156 3243; x_wconf 78' lang='lat' dir='ltr'><strong>ronuta</strong></span> <span class='ocrx_word' id='word_1_293' title='bbox 1174 3192 1209 3256; x_wconf 88' lang='lat' dir='ltr'><strong>P,</strong></span> <span class='ocrx_word' id='word_1_294' title='bbox 1232 3208 1257 3245; x_wconf 84' lang='lat' dir='ltr'><strong>o.</strong></span> <span class='ocrx_word' id='word_1_295' title='bbox 1267 3186 1357 3259; x_wconf 68' lang='lat' dir='ltr'><strong>praefi,</strong></span> 
     </span>
     <span class='ocr_line' id='line_1_34' title="bbox 353 3261 1045 3328; baseline 0.003 -17"><span class='ocrx_word' id='word_1_296' title='bbox 353 3261 478 3315; x_wconf 83' lang='lat' dir='ltr'><strong>veritatis</strong></span> <span class='ocrx_word' id='word_1_297' title='bbox 498 3263 598 3316; x_wconf 90' lang='lat' dir='ltr'><strong>semita</strong></span> <span class='ocrx_word' id='word_1_298' title='bbox 617 3262 663 3328; x_wconf 81' lang='lat' dir='ltr'><strong>Fi,</strong></span> <span class='ocrx_word' id='word_1_299' title='bbox 682 3262 785 3315; x_wconf 85' lang='lat' dir='ltr'><strong>veritas</strong></span> <span class='ocrx_word' id='word_1_300' title='bbox 804 3262 833 3313; x_wconf 90' lang='lat' dir='ltr'><strong>in</strong></span> <span class='ocrx_word' id='word_1_301' title='bbox 852 3262 911 3315; x_wconf 86' lang='lat' dir='ltr'><strong>vitu</strong></span> <span class='ocrx_word' id='word_1_302' title='bbox 930 3263 978 3315; x_wconf 82' lang='lat' dir='ltr'><strong>Bu</strong></span> <span class='ocrx_word' id='word_1_303' title='bbox 988 3262 1045 3315; x_wconf 88' lang='lat' dir='ltr'><strong>Ha.</strong></span> 
     </span>
    </p>
   </div>
   <div class='ocr_carea' id='block_1_6' title="bbox 353 3421 1358 3833">
    <p class='ocr_par' dir='ltr' id='par_1_6' title="bbox 353 3421 1358 3833">
     <span class='ocr_line' id='line_1_35' title="bbox 441 3421 1358 3491; baseline -0.002 -16"><span class='ocrx_word' id='word_1_304' title='bbox 441 3421 461 3475; x_wconf 78' lang='lat'><em>8</em></span> <span class='ocrx_word' id='word_1_305' title='bbox 481 3423 571 3476; x_wconf 73' lang='lat' dir='ltr'><strong>Mam.</strong></span> <span class='ocrx_word' id='word_1_306' title='bbox 585 3426 658 3487; x_wconf 75' lang='lat'><strong><em>24,9</em></strong></span> <span class='ocrx_word' id='word_1_307' title='bbox 680 3421 825 3475; x_wconf 89' lang='lat' dir='ltr'><strong>oculorum</strong></span> <span class='ocrx_word' id='word_1_308' title='bbox 848 3422 922 3475; x_wconf 79' lang='lat' dir='ltr'><strong>ecies</strong></span> <span class='ocrx_word' id='word_1_309' title='bbox 941 3421 1119 3490; x_wconf 87' lang='lat' dir='ltr'><strong>splendorem</strong></span> <span class='ocrx_word' id='word_1_310' title='bbox 1136 3421 1275 3491; x_wconf 75' lang='lat' dir='ltr'><strong>paulatim</strong></span> <span class='ocrx_word' id='word_1_311' title='bbox 1293 3424 1358 3474; x_wconf 83' lang='lat' dir='ltr'><strong>exte·</strong></span> 
     </span>
     <span class='ocr_line' id='line_1_36' title="bbox 353 3492 1358 3563; baseline 0.001 -18"><span class='ocrx_word' id='word_1_312' title='bbox 353 3493 434 3547; x_wconf 88' lang='lat' dir='ltr'><strong>nuati</strong></span> <span class='ocrx_word' id='word_1_313' title='bbox 451 3492 565 3546; x_wconf 89' lang='lat' dir='ltr'><strong>luminis</strong></span> <span class='ocrx_word' id='word_1_314' title='bbox 583 3493 715 3561; x_wconf 89' lang='lat' dir='ltr'><strong>perdidit.</strong></span> <span class='ocrx_word' id='word_1_315' title='bbox 735 3494 769 3560; x_wconf 73' lang='lat' dir='ltr'><strong>of.</strong></span> <span class='ocrx_word' id='word_1_316' title='bbox 785 3493 856 3549; x_wconf 70' lang='grc' dir='ltr'><strong>ΧΟΓ</strong></span> <span class='ocrx_word' id='word_1_317' title='bbox 865 3496 884 3547; x_wconf 95' lang='grc'><em>1</em></span> <span class='ocrx_word' id='word_1_318' title='bbox 901 3499 945 3548; x_wconf 81' lang='grc'><strong>35.</strong></span> <span class='ocrx_word' id='word_1_319' title='bbox 1048 3493 1067 3547; x_wconf 75' lang='lat'><strong>5</strong></span> <span class='ocrx_word' id='word_1_320' title='bbox 1085 3494 1196 3548; x_wconf 61' lang='lat' dir='ltr'><strong>cabum</strong></span> <span class='ocrx_word' id='word_1_321' title='bbox 1209 3493 1358 3563; x_wconf 73' lang='lat' dir='ltr'><strong>excogitare</strong></span> 
     </span>
     <span class='ocr_line' id='line_1_37' title="bbox 353 3558 1358 3633; baseline -0.003 -15"><span class='ocrx_word' id='word_1_322' title='bbox 353 3564 496 3633; x_wconf 75' lang='lat' dir='ltr'><strong>aliquoties</strong></span> <span class='ocrx_word' id='word_1_323' title='bbox 523 3566 554 3618; x_wconf 77' lang='lat' dir='ltr'><strong>ic</strong></span> <span class='ocrx_word' id='word_1_324' title='bbox 583 3565 705 3619; x_wconf 80' lang='lat' dir='ltr'><strong>Mothcai</strong></span> <span class='ocrx_word' id='word_1_325' title='bbox 729 3572 817 3620; x_wconf 77' lang='lat' dir='ltr'><strong>exstat</strong></span> <span class='ocrx_word' id='word_1_326' title='bbox 844 3567 916 3620; x_wconf 83' lang='lat' dir='ltr'><strong>velut</strong></span> <span class='ocrx_word' id='word_1_327' title='bbox 941 3562 1076 3618; x_wconf 73' lang='lat' dir='ltr'><strong><em>LXV&#39;I</em></strong></span> <span class='ocrx_word' id='word_1_328' title='bbox 1087 3568 1129 3618; x_wconf 78' lang='lat'><strong>34.</strong></span> <span class='ocrx_word' id='word_1_329' title='bbox 1167 3558 1358 3619; x_wconf 78' lang='lat' dir='ltr'><em>LXXXVII&#39;</em></span> 
     </span>
     <span class='ocr_line' id='line_1_38' title="bbox 353 3634 1358 3704; baseline -0.006 -15"><span class='ocrx_word' id='word_1_330' title='bbox 353 3637 393 3690; x_wconf 89' lang='grc' dir='ltr'><strong>ΙΙ</strong></span> <span class='ocrx_word' id='word_1_331' title='bbox 406 3640 451 3691; x_wconf 87' lang='grc'><strong>38.</strong></span> <span class='ocrx_word' id='word_1_332' title='bbox 524 3635 543 3691; x_wconf 82' lang='grc'><em>8</em></span> <span class='ocrx_word' id='word_1_333' title='bbox 561 3637 596 3704; x_wconf 81' lang='lat' dir='ltr'><strong>cs.</strong></span> <span class='ocrx_word' id='word_1_334' title='bbox 611 3641 704 3704; x_wconf 80' lang='lat'><strong><em>25,12</em></strong></span> <span class='ocrx_word' id='word_1_335' title='bbox 721 3644 746 3690; x_wconf 83' lang='lat' dir='ltr'><strong>et</strong></span> <span class='ocrx_word' id='word_1_336' title='bbox 765 3638 856 3693; x_wconf 74' lang='lat' dir='ltr'><strong>Mutis.</strong></span> <span class='ocrx_word' id='word_1_337' title='bbox 871 3640 995 3703; x_wconf 78' lang='lat'><strong><em>278,14.·</em></strong></span> <span class='ocrx_word' id='word_1_338' title='bbox 1017 3638 1050 3689; x_wconf 92' lang='lat' dir='ltr'><strong>ut</strong></span> <span class='ocrx_word' id='word_1_339' title='bbox 1068 3635 1216 3704; x_wconf 88' lang='lat' dir='ltr'><strong>explicatis</strong></span> <span class='ocrx_word' id='word_1_340' title='bbox 1240 3634 1358 3690; x_wconf 88' lang='lat' dir='ltr'><strong>omnibus</strong></span> 
     </span>
     <span class='ocr_line' id='line_1_39' title="bbox 354 3707 1358 3776; baseline 0 -17"><span class='ocrx_word' id='word_1_341' title='bbox 354 3710 439 3775; x_wconf 72' lang='lat' dir='ltr'><strong>atque</strong></span> <span class='ocrx_word' id='word_1_342' title='bbox 451 3707 622 3763; x_wconf 86' lang='lat' dir='ltr'><strong>monstratis.</strong></span> <span class='ocrx_word' id='word_1_343' title='bbox 674 3709 711 3761; x_wconf 88' lang='lat' dir='ltr'><em>M</em></span> <span class='ocrx_word' id='word_1_344' title='bbox 710 3709 764 3762; x_wconf 73' lang='lat' dir='ltr'><strong>art.</strong></span> <span class='ocrx_word' id='word_1_345' title='bbox 779 3713 889 3775; x_wconf 81' lang='lat'><strong><em>218,18</em></strong></span> <span class='ocrx_word' id='word_1_346' title='bbox 908 3707 1045 3776; x_wconf 75' lang='lat' dir='ltr'><strong>sacrilego</strong></span> <span class='ocrx_word' id='word_1_347' title='bbox 1060 3722 1171 3775; x_wconf 85' lang='lat' dir='ltr'><strong>semper</strong></span> <span class='ocrx_word' id='word_1_348' title='bbox 1184 3724 1275 3762; x_wconf 89' lang='lat' dir='ltr'><strong>errore</strong></span> <span class='ocrx_word' id='word_1_349' title='bbox 1288 3721 1358 3776; x_wconf 78' lang='lat' dir='ltr'><strong>prse-</strong></span> 
     </span>
     <span class='ocr_line' id='line_1_40' title="bbox 355 3781 488 3833; baseline 0.023 -3"><span class='ocrx_word' id='word_1_350' title='bbox 355 3781 488 3833; x_wconf 81' lang='lat' dir='ltr'><strong>nosteros.</strong></span> 
     </span>
    </p>
   </div>
   <div class='ocr_carea' id='block_1_7' title="bbox 0 0 1556 4359">
    <p class='ocr_par' dir='ltr' id='par_1_7' title="bbox 0 0 1556 4359">
     <span class='ocr_line' id='line_1_41' title="bbox 0 0 1556 4359; baseline 0 0"><span class='ocrx_word' id='word_1_351' title='bbox 0 0 1556 4359; x_wconf 95' lang='lat' dir='ltr'><strong> </strong></span> 
     </span>
    </p>
   </div>
  </div>
 </body>
</html>
