3100 4359
304 357 330 411 X
706 355 911 410 PRAEFATIO

305 525 451 584 credimus
480 543 600 601 prorsus
630 524 813 616 infitiaslire
842 542 901 582 non
924 542 1167 601 possumus—,·
1182 524 1266 584 cuiue
1292 528 1326 584 et

304 615 402 691 prima
433 617 463 674 et
492 613 601 673 ultima
632 613 703 672 bina
735 614 810 671 folia
841 616 921 672 inter
951 633 983 673 se
1016 632 1127 672 conexa
1158 615 1324 688 perierunt.

326 704 454 762 Restant
475 703 569 782 igitur
591 703 653 762 foll.
759 705 787 761 3.
825 704 952 867 4U5.
990 704 1018 761 6.
1052 695 1254 783 (nuncl.·2.3
1276 698 1324 785 4.)

325 934 484 995 Perierunt
613 981 630 1010 „
677 939 704 994 1.
765 936 794 992 2.
1020 936 1047 993 7.
1108 936 1136 993 8.

395 1185 459 1256 Quo
483 1187 595 1245 factum
619 1191 674 1263 est,
696 1193 732 1248 ut
754 1192 785 1248 et
807 1191 895 1248 initio
910 1188 1031 1248 Firmici
1053 1187 1172 1248 libellus
1196 1187 1323 1246 mutilus

305 1274 354 1349 sit,
377 1277 498 1351 etpost
520 1276 743 1356 folemagna
770 1278 835 1337 hiet
864 1279 971 1337 lacuna
995 1297 1062 1337 cum
1084 1295 1193 1353 magno
1218 1275 1323 1336 dolore
1416 1355 1417 1360 η

303 1364 415 1438 nostro,
439 1366 581 1440 quoniam
599 1366 641 1424 ibi
660 1368 696 1426 de
709 1367 839 1426 Mithrae
858 1368 948 1427 sacris
968 1370 1105 1426 accurate
1125 1369 1230 1426 auctor
1249 1365 1323 1442 egit.

303 1451 400 1528 Atqui
417 1454 526 1513 librum
545 1455 640 1514 Flacii
657 1456 842 1516 Mindensem
860 1456 954 1515 isdem
973 1456 1087 1516 lacunis
1110 1454 1323 1514 dedecoratum

302 1542 396 1600 fuisse
419 1543 506 1602 docet
528 1543 620 1603 editio
643 1544 780 1622 princeps
809 1565 843 1604 ex
867 1563 901 1604 eo
925 1564 1070 1621 expressa.
1117 1543 1324 1605 Confiteamur
1416 1545 1417 1558 ¹

302 1632 397 1708 igitur
419 1651 536 1692 necesse
560 1637 614 1709 est,
637 1635 780 1711 quoniam
803 1635 897 1711 ipsius
915 1635 1025 1694 codicis
1043 1633 1176 1693 Palatini
1198 1631 1321 1690 mutila·
1416 1645 1417 1662 ²

302 1721 384 1778 tione
415 1723 532 1780 iactura
564 1722 617 1781 illa
648 1724 930 1800 pretiosissimarum
967 1724 1205 1782 membranarum
1238 1723 1323 1780 faeta

303 1811 357 1882 cet,
379 1811 475 1869 Flacii
498 1811 628 1871 codicem
652 1813 837 1872 Mindensem
860 1812 986 1872 eundem
1009 1812 1101 1872 fuisse
1125 1830 1160 1870 aa
1183 1814 1321 1870 nostrum
1416 1819 1417 1872 l

302 1896 482 1958 Palatinum.
520 1899 604 1970 Quod
619 1902 693 1961 Mus.
709 1903 802 1961 Rhen.
817 1901 870 1960 LX
887 1922 916 1978 p.
932 1903 995 1961 417
1012 1920 1054 1978 sq.
1079 1901 1197 1960 disertis
1220 1900 1320 1958 verbis

302 1987 525 2062 explicavimus.

392 2096 510 2174 Singuli
533 2099 743 2173 quaterniones
756 2099 932 2174 priusquam
944 2116 999 2174 per
1016 2096 1221 2174 bibliopegum
1239 2113 1319 2154 com·

301 2187 505 2264 pingerentur,
536 2188 668 2262 separati
700 2188 765 2246 loco
796 2186 925 2263 quodam
953 2185 1072 2246 madido
1109 2184 1318 2258 servabantur,

302 2295 362 2352 quo
396 2274 517 2350 accidit,
540 2278 575 2334 ut
606 2278 720 2352 primae
748 2275 891 2353 cuiusque
919 2279 949 2335 et
980 2277 1104 2334 ultimae
1133 2273 1319 2352 singulorum

302 2366 530 2441 quaternionum
558 2365 686 2443 paginae
713 2368 863 2442 scriptura
891 2367 1086 2424 evanesceret
1138 2361 1215 2421 Sunt
1243 2363 1319 2422 folia
1417 2375 1418 2380 ’

304 2455 343 2527 13
371 2455 416 2528 43
445 2454 485 2528 53
515 2456 579 2528 123
610 2456 671 2529 133
701 2457 766 2529 203
796 2457 858 2528 213
887 2455 953 2529 283
978 2455 1044 2528 293
1075 2451 1220 2512 accedunt
1242 2451 1318 2510 folia

303 2544 338 2600 2γ
361 2546 391 2602 et
415 2544 455 2617 3¹,
487 2544 505 2601 i.
527 2561 552 2601 e.
583 2544 739 2603 interiores
770 2546 899 2622 paginae
931 2542 1133 2619 quaternionis
1156 2541 1255 2618 primi,
1287 2545 1318 2600 et

300 2631 442 2691 foliorum
468 2633 524 2690 16γ
547 2635 577 2691 et
602 2635 664 2707 173
691 2635 710 2691 i.
730 2655 753 2691 e.
786 2632 963 2692 interiorum
996 2630 1201 2707 quaternionis
1232 2630 1318 2688 tertii

300 2721 488 2799 paginarum,
511 2725 611 2797 partes
633 2724 808 2798 superiores.

391 2826 583 2888 Gorrectnrae
610 2830 670 2887 nisi
697 2831 785 2888 certis
814 2827 991 2905 quibusdam
1017 2827 1091 2887 locis
1119 2845 1177 2885 non
1201 2826 1316 2886 multae

300 2918 502 2975 inveniuntur.
540 2916 671 2986 Quarum
695 2920 893 2995 paucissimae
917 2916 953 2975 ab
976 2919 1042 2993 ipso
1065 2915 1188 2974 librario
1211 2916 1316 2976 illatae

301 3008 372 3065 sunt
398 3006 482 3065 velut
509 3025 572 3083 cap.
591 3007 645 3065 XV
668 3009 686 3066 5
714 3008 844 3066 remedia
871 3025 945 3066 corr.
963 3026 1001 3065 m.
1025 3009 1050 3064 1.
1071 3024 1105 3063 ex
1128 3001 1258 3064 remediat
1285 3009 1316 3066 et

302 3095 383 3154 alibi.
430 3094 553 3155 Ceterae
576 3099 761 3155 correcturae
784 3098 875 3154 trium
899 3114 1039 3154 manuum
1063 3097 1140 3152 sunt.

261 3227 284 3279 p
394 3206 464 3275 Lp
487 3205 533 3261 est
554 3220 660 3261 manue
687 3205 820 3280 vetusta,
851 3220 927 3278 quae
951 3201 1062 3278 pusilla
1084 3203 1161 3260 vitia
1188 3203 1316 3260 correxit

301 3291 361 3351 uiei
383 3291 462 3366 quod
481 3291 580 3350 c.H3
603 3294 747 3366 repperiri
769 3310 861 3368 supra
883 3290 993 3351 lineam
1012 3289 1129 3349 addidit
1152 3291 1183 3350 et
1196 3289 1279 3348 XXV
1295 3293 1313 3350 2

301 3383 406 3453 recepit
431 3382 559 3440 correxit
587 3400 621 3440 ex
650 3383 767 3454 occepit.
817 3381 976 3441 Praeterea
1007 3379 1057 3438 hic
1083 3379 1146 3438 illic
1178 3381 1314 3456 singulae

301 3471 421 3530 litterae
454 3488 530 3544 quae
563 3470 755 3530 exalbuerant
785 3488 845 3545 ap
877 3469 1018 3528 videntur
1048 3487 1111 3528 esee
1143 3472 1313 3528 renovatae.

301 3556 381 3616 Huic
404 3558 532 3634 denique
546 3560 705 3619 correctori
727 3558 873 3618 debentur
894 3559 1019 3631 numeri,
1043 3558 1150 3632 quiin
1173 3559 1314 3618 extremis

299 3646 486 3725 singulorum
518 3649 748 3723 quaternionum
784 3649 903 3726 paginis
938 3647 970 3705 in
1007 3647 1142 3724 margine
1177 3646 1315 3706 inferiori

301 3739 412 3795 extant.
472 3736 612 3813 Legimus
648 3740 725 3796 enim
766 3740 799 3796 in
835 3738 886 3797 fol.
916 3738 985 3796 12':
1020 3732 1052 3810 ll;
1089 3736 1140 3796 fol.
1170 3738 1239 3798 20':
1268 3733 1313 3813 lll;
