3100 4359
322 401 424 457 XXXII
723 404 930 459 PRAEFATIO

322 573 439 632 relatifs
471 591 530 630 aux
556 566 702 648 Mystdres
730 572 768 631 de
795 573 919 647 Mithra,
947 577 1027 633 tome
1049 574 1081 631 11
1103 595 1131 651 p.
1157 567 1227 655 14),
1250 595 1337 652 repu-

323 662 420 721 diavit
453 662 488 721 A.
511 661 699 721 Dieterieh
729 654 995 740 (Mithrasliturgie
1023 683 1053 738 p.
1082 655 1175 744 218),
1205 666 1259 740 qui
1287 665 1338 724 ad·

322 752 465 810 ieetivum
497 747 649 823 σννδέξιος
677 754 713 809 ut
734 751 897 810 formatum
929 751 968 810 ad
999 753 1197 812 imitationem
1229 753 1338 812 talium

323 839 538 899 adjectivorum
565 840 655 915 quale
677 839 848 916 σύνθρονος
875 839 1018 921 σύνεδρος
1044 841 1173 912 σύνναος
1196 843 1339 918 explicari

323 947 411 1006 posse
433 932 464 989 et
486 928 524 988 ad
547 931 725 988 sententiam
755 933 859 1004 aptum
889 947 952 989 esse
979 932 1107 1005 censuit,
1140 930 1220 1006 quod
1241 932 1338 992 fusius

323 1017 477 1076 Friedrich
507 1019 527 1076 l.
547 1036 570 1077 o.
590 1039 619 1094 p.
639 1019 734 1093 19sq.
764 1018 908 1094 exposuit.
956 1019 1013 1078 Sed
1046 1022 1111 1078 tota
1142 1019 1215 1080 haee
1246 1022 1338 1080 inter·

323 1109 463 1182 protetio,
494 1108 603 1183 quippe
634 1126 710 1184 quae
739 1105 827 1166 deum
849 1108 992 1166 Mithram
1022 1127 1056 1166 eo
1080 1127 1168 1167 versu
1191 1110 1340 1185 appellari
1407 1157 1408 1192 3

323 1198 449 1270 statuat,
470 1199 551 1255 stare
572 1215 632 1255 non
654 1199 762 1272 potest
802 1196 907 1272 Neque
934 1199 1012 1256 enim
1040 1217 1171 1274 unquam
1194 1197 1339 1259 Mithram
1407 1193 1408 1238 Ψ

324 1287 499 1362 eognomiue
543 1284 674 1362 Μύστης
714 1287 854 1344 ornatum
874 1304 957 1346 ¹esse
998 1285 1150 1346 dumontii
1188 1286 1340 1348 indieibus

323 1374 469 1450 probatur
491 1366 585 1455 (tome
608 1374 639 1432 Π
662 1394 690 1450 p,
715 1375 789 1447 532,
819 1369 922 1434 ‘Noms
949 1374 985 1434 de
1012 1368 1159 1457 Mithra').
1207 1377 1250 1434 Ao
1280 1397 1339 1454 quo
1407 1333 1408 1370 i

277 1460 281 1464 ’
323 1462 412 1522 modo
442 1462 536 1540 μύστα
565 1463 745 1541 βοοκλοννίης
773 1462 848 1522 daus
876 1464 941 1539 ipse
970 1463 1137 1542 βονκλόσος
1166 1466 1341 1541 compellari

323 1550 443 1628 potest?
488 1551 603 1611 oeno
636 1554 704 1629 que
736 1554 782 1612 ee
810 1552 938 1611 menae
964 1552 1061 1630 πατὴρ
1084 1550 1215 1632 speses
1261 1555 1341 1615 uus-
1407 1539 1408 1546 ‘

325 1659 416 1717 quam
445 1643 605 1718 quiequam
635 1641 671 1699 de
700 1641 829 1699 Mithrae
858 1644 945 1717 patre
971 1642 1115 1717 traditur,
1147 1645 1177 1702 et
1200 1644 1252 1718 qui
1275 1645 1342 1704 fieri

324 1731 433 1806 potuit,
456 1749 524 1789 oum
541 1726 626 1789 nullo
655 1733 742 1806 patre
771 1731 891 1808 genitus
914 1750 949 1788 ex
971 1735 1057 1807 petra
1079 1733 1168 1789 natus
1198 1735 1239 1792 sit
1269 1733 1343 1806 θεὸς

324 1817 357 1878 ἐκ
378 1816 505 1898 utapro?
551 1819 648 1889 Quare
678 1815 810 1877 ‘Petram
838 1815 1035 1878 Genetrioem'
1063 1820 1229 1896 eomplures
1257 1822 1343 1882 tituli

323 1908 449 1966 tradunt
480 1900 624 1988 (dumont
654 1907 675 1966 l.
698 1927 721 1967 o.
744 1929 773 1985 p.
799 1900 892 1988 533),
922 1913 1041 1984 patrem
1071 1909 1181 1968 nuilus.
1235 1910 1343 1987 Neque

323 1997 420 2073 igitur
436 1997 578 2056 Mithram
601 1997 700 2072 ipsum
718 2016 752 2056 eo
765 2016 856 2057 versu
874 2001 958 2073 petet
972 1998 1127 2073 appellari,
1145 1998 1197 2058 sed
1210 2003 1343 2075 mystam

324 2085 531 2161 Mithriaeum3
560 2081 667 2166 ’πατὴρ
690 2081 813 2165 ύγαυός’
838 2089 938 2145 autem
965 2087 1029 2162 ipse
1052 2091 1097 2146 est
1120 2087 1260 2161 Mithres,
1290 2091 1344 2164 qui

325 2176 418 2234 etiam
446 2175 477 2232 in
508 2175 685 2251 quibusdem
715 2176 813 2235 titulis
838 2169 978 2252 ‘genitor'
1006 2176 1184 2251 appellatur.
1231 2176 1343 2247 Quam·

326 2283 417 2340 quam
435 2266 528 2323 etiam
545 2264 581 2323 de
601 2264 775 2341 cognomine
791 2259 900 2341 ‘pater’
917 2284 1017 2324 eorum
1032 2265 1160 2324 Mithrae
1174 2268 1344 2342 mystarum

325 2353 452 2432 eogitari
475 2356 582 2428 potest,
612 2353 664 2429 qui
693 2373 843 2413 summum
872 2352 998 2431 gradum
1027 2357 1187 2430 mysticum
1210 2359 1345 2416 assecuti

325 2447 408 2515 sunt,
441 2442 492 2502 sed
522 2442 645 2501 obstant
673 2442 795 2501 Fir-miei
818 2442 922 2517 verba,
953 2444 1007 2518 qui
1037 2462 1105 2502 eum
1130 2443 1223 2504 uitato
1255 2464 1345 2505 versu

325 2535 431 2609 pergat
444 2532 535 2590 Hune
548 2532 694 2590 Mithrem
716 2532 817 2591 disum
832 2578 838 2591 .
854 2579 860 2591 .
875 2576 882 2588 .
896 2551 968 2592 vooe
991 2531 1100 2609 πατρὸς
1118 2530 1234 2611 ἀγαυοῦ
1253 2533 1345 2594 deum

325 2620 468 2680 Mithram
490 2620 652 2697 significari
681 2621 746 2696 ipse
774 2620 894 2680 videtur
924 2620 1105 2681 confirmare.
1149 2621 1212 2680 Neo
1239 2625 1345 2682 tamen

325 2728 435 2787 magna
458 2712 503 2768 est
524 2708 646 2768 Firmiei
669 2709 700 2767 in
723 2710 811 2768 rebus
833 2710 1001 2768 Mithriaois
1024 2711 1201 2785 auotoritas,
1229 2712 1345 2788 quippe

326 2798 380 2874 qui
402 2798 492 2874 paulo
516 2803 585 2858 ante
607 2799 773 2859 triformem
796 2799 881 2858 illam
905 2798 991 2857 deam
1014 2816 1083 2857 oum
1104 2799 1234 2858 Mithrae
1258 2802 1346 2861 eultu

326 2888 475 2962 confudit,
505 2889 555 2946 oui
583 2907 615 2946 re
639 2908 709 2947 vera
736 2887 814 2946 nihil
837 2889 972 2947 osteum
995 2887 1119 2964 Mithra,
1150 2889 1186 2947 ef.
1211 2887 1347 2950 Gumout
1404 2947 1405 2966 ,

326 2977 345 3035 l.
368 2995 392 3037 e.
414 2981 496 3037 tome
518 2976 534 3035 Ι
557 2997 585 3052 p.
606 2978 657 3051 29,
680 2977 711 3035 Π
733 2997 762 3052 p.
784 2979 825 3035 14
849 2968 949 3058 adn.¹)

414 3066 497 3125 Haeo
528 3084 595 3124 oum
624 3086 679 3141 pro
709 3069 791 3126 oerto
821 3068 915 3125 statui
937 3067 1066 3142 possint,
1096 3065 1128 3124 in
1156 3070 1346 3128 aoeuratiore

326 3173 428 3214 versus
463 3155 709 3230 interpretatione
744 3154 900 3214 haeremus
937 3171 972 3214 eo
1011 3173 1105 3230 paene
1142 3154 1347 3232 desperamus.

326 3243 432 3320 Neque
455 3244 534 3303 enim
556 3249 591 3302 ut
613 3243 764 3303 ferebatur
782 3239 833 3303 (Υ
836 3239 995 3303 ΝΔΕΞΙΕ
1018 3244 1050 3301 in
1072 3244 1174 3303 codiee
1197 3245 1348 3323 seriptum

326 3335 380 3408 est,
403 3333 455 3393 sed
476 3332 543 3391 luee
566 3333 677 3393 elarius
701 3327 752 3392 (Υ
755 3327 911 3392 ΝΛΕΞΙΕ
933 3332 1056 3412 legitur:

437 3422 549 3482 Μύστα
571 3422 751 3500 βσοκλονσίης
774 3418 904 3494 σννλὲξιε
922 3420 1032 3501 πατρὸς
1050 3419 1173 3502 ἀγαυοῦ.

327 3509 405 3580 Quid
431 3510 488 3570 hoo
515 3510 580 3571 est?
626 3508 757 3584 σννλὲξιε
732 3513 927 3588 rescriptum
959 3530 1014 3588 pro
1047 3508 1174 3584 συλλέξιε
1205 3531 1267 3572 non
1299 3515 1347 3573 its

417 3650 443 3715 1)
467 3646 542 3713 quod
570 3648 666 3699 tamen
693 3645 842 3715 impugnat
870 3645 1043 3716 argumentis
1071 3644 1148 3699 haud
1176 3647 1346 3715 spernendis

326 3716 675 3859 gpmgpsiuwssefiprbueh
692 3716 712 3770 f
728 3716 851 3771 sexuelle
866 3715 1115 3771 Zwieohenstnfen’
1132 3715 1158 3769 V
1171 3735 1192 3769 11
1209 3733 1237 3785 p
1255 3723 1347 3772 tit-
