3100 4359
374 390 424 443 DE
441 390 590 445 ERRORE
608 390 710 446 Pacu.
725 390 804 445 ΗΕΒ.
825 390 901 445 CAP.
915 388 1066 444 XX—XXI
1186 390 1230 454 55

305 559 382 618 XXI.
407 558 516 619 Omnia
534 557 669 635 symbola
687 561 830 637 profanae
848 552 1002 637 religionis
1020 578 1074 635 per
1097 558 1227 619 ordinem

218 652 420 726 suggerantur,
452 653 487 707 ut
517 650 675 725 probemus
712 650 925 725 nequissimum
962 648 1077 707 hostem
1114 650 1230 725 generis

218 735 355 795 humani·
369 738 405 795 de
433 740 544 798 sanctis
570 740 644 797 haec
666 738 901 813 venerandisque
928 738 1141 814 prophetarum
1164 756 1228 796 ora·

217 826 290 884 culis
314 826 353 886 ad
375 829 580 886 contaminata
606 829 716 887 furoris
743 829 792 887 sui
814 827 925 885 scelera
946 828 1144 886 transtulisse.
1180 825 1265 884 Ina

191 916 349 977 eveninus
377 918 456 974 enim
475 918 527 976 sta
554 916 627 975 dici:
654 915 723 975 αἰαῖ
744 916 866 995 disspero
889 915 1023 995 ὃίμορφε.
1070 916 1150 975 Deus
1173 917 1229 975 iste

216 1005 313 1063 vester
335 1024 396 1065 nou
417 1005 554 1065 biformis
577 1009 631 1078 est,
658 1006 709 1065 sed
731 1005 938 1064 multiformis:
961 1006 994 1062 in
1016 1006 1126 1064 multas
1150 1005 1229 1062 enim

215 1095 328 1168 speeies
351 1097 492 1153 venenati
518 1096 579 1154 oris
606 1095 702 1153 forma
724 1096 866 1153 mutatur.
912 1092 981 1168 Ipse
1005 1098 1050 1153 est
1073 1094 1229 1153 basiliscus

214 1184 245 1239 et
272 1186 397 1259 scorpio,
425 1186 477 1259 qui
502 1184 635 1242 fidelium
667 1183 777 1242 securis
810 1184 944 1260 vestigiis
976 1184 1134 1258 premitur:
1166 1184 1229 1259 ipse

213 1272 383 1331 malitiosas
406 1274 521 1349 anguis,
544 1275 636 1331 cuius·
653 1276 744 1347 caput
767 1272 886 1348 quaerit
904 1271 1029 1347 decepta
1045 1272 1230 1331 mortalitast

175 1359 279 1435 roipse
303 1364 453 1421 tortuosus
481 1362 578 1438 draco,
607 1362 658 1438 qui
680 1363 769 1420 hamo
799 1362 927 1435 ducitur,
951 1363 1003 1436 qui
1026 1363 1162 1436 captivus
1184 1363 1231 1419 in·

213 1448 356 1507 cluditur.
398 1450 459 1510 Iste
487 1452 559 1510 deus
587 1454 685 1511 vester
706 1451 833 1509 Lernaei
861 1450 967 1527 anguis
990 1450 1121 1509 crinibus
1146 1450 1231 1509 ador·

212 1541 314 1598 natur.
355 1538 451 1599 Viden
482 1543 517 1598 ut
548 1556 686 1616 percusso
718 1540 838 1598 domino
869 1541 1060 1606 morientium
1088 1540 1231 1617 anguium

212 1627 307 1686 turba
334 1628 491 1688 succedat?
527 1629 606 1699 Quid
633 1631 675 1687 sie
701 1628 923 1688 renascentibus
951 1628 1053 1702 hydris
1077 1626 1230 1704 pullulas?

213 1717 296 1786 Quid
322 1715 353 1774 te
380 1718 505 1777 fecunda
533 1718 675 1777 scelerum
702 1718 803 1777 sobole
827 1715 991 1793 conponis?
1031 1717 1137 1776 Mortis
1157 1722 1266 1776 tuaac

174 1830 198 1868 re
213 1808 300 1865 viam
322 1806 488 1881 didicimus,
511 1801 620 1867 scimus
643 1807 751 1883 quibus
772 1806 912 1865 remediis
936 1807 1009 1865 artis
1027 1808 1097 1865 tuae
1116 1825 1230 1866 venena

212 1897 384 1954 vinc-antur.
422 1894 532 1955 Christi
554 1896 744 1955 inmortalem
769 1897 946 1973 sanguinem
968 1895 1106 1969 bibimus,
1128 1898 1230 1955 nostro

212 1986 359 2062 sanguini
381 1984 493 2045 christi
514 1987 636 2062 sanguis
659 1986 816 2045 adiunctus
840 1987 892 2044 est.
938 1984 1002 2043 Hoc
1028 1988 1073 2043 est
1100 1985 1231 2044 salutare

211 2072 380 2132 remedium
403 2075 545 2133 scelerum
567 2078 696 2149 tuorum,
718 2070 841 2151 (quod)
864 2073 986 2133 cottidie
1010 2092 1027 2131 a
1050 2074 1160 2133 vitiata
1183 2074 1232 2131 dei

211 2163 303 2238 plebe
326 2164 514 2221 mortiferum
536 2165 618 2223 virus
641 2163 779 2223 excludit.
822 2162 894 2231 Quis
916 2164 1005 2221 deum
1028 2162 1118 2223 istum
1142 2182 1230 2239 quem

174 2275 199 2313 so
213 2252 366 2329 plangunt
388 2270 453 2310 curn
478 2252 615 2311 cornibus
637 2251 736 2312 vidit?
758 2252 840 2321 Quae
859 2256 929 2311 sunt
946 2254 1006 2311 ista
1024 2270 1136 2312 cornua
1155 2271 1231 2327 quae

212 2342 327 2401 habere
349 2359 380 2401 se
402 2340 517 2401 iactat?
548 2341 620 2400 Alia
642 2346 713 2401 sunt
736 2360 847 2401 cornua
866 2360 941 2416 quae
960 2341 1105 2416 propbeta
1129 2343 1231 2400 sancto

213 2430 327 2506 spiritu
353 2430 474 2489 iubente
502 2435 711 2506 conmemorat,
738 2450 815 2506 quae
842 2433 877 2488 tu
900 2430 1017 2489 diabole
1041 2431 1079 2489 ad
1102 2431 1231 2489 macula·

212 2522 282 2579 tam
312 2519 420 2579 faciem
451 2523 535 2579 tuam
567 2523 656 2597 putas
685 2523 715 2579 te
743 2538 830 2594 posse
852 2521 1021 2579 transferre.
1067 2519 1153 2577 Unde
1176 2519 1269 2578 tibin

306 2653 371 2707 dd.
386 2661 450 2707 aute
469 2654 503 2707 dc
523 2654 587 2708 add.
661 2652 755 2708 leuis
776 2656 808 2708 P.
877 2653 1112 2708 ὅεΑΙΑΙΚΕΡω(
1130 2655 1163 2720 P,
1182 2671 1231 2709 em.

215 2726 359 2779 Dietcrwb
377 2726 555 2792 (Mithrenis.
570 2743 601 2793 p.
615 2729 693 2793 215),
715 2728 751 2793 cs.
766 2726 817 2780 Fr.
832 2729 869 2779 25
878 2742 917 2795 sq.
941 2725 1004 2779 εὐοῖ
1028 2726 1069 2779 vel
1095 2733 1150 2778 παῖ
1175 2726 1232 2791 Be,

214 2792 287 2850 adar
306 2797 506 2867 BergkffLG
524 2797 638 2865 111⁴p.
654 2801 731 2865 658).
821 2796 840 2850 (i
859 2796 1040 2849 multiformis
1057 2796 1090 2849 In
1110 2796 1141 2850 P.

214 2870 263 2922 dd.
275 2886 306 2937 p.
326 2867 344 2922 8
367 2868 477 2936 scorpio
497 2875 521 2922 et
543 2868 562 2919 b
586 2868 686 2939 anguis
705 2874 730 2923 ct
754 2867 791 2921 10
816 2868 899 2922 draeo
919 2876 943 2923 et
962 2866 1074 2921 ducitur
1095 2868 1159 2922 add.

214 2940 233 2993 9
254 2939 349 3006 quatit
370 2940 414 3006 Oc,
438 2946 468 2993 at
486 2940 591 3006 confert
609 2940 657 2993 Bu
681 2940 777 2994 Genea.
796 2940 856 3006 ΠΙ,
872 2944 906 2993 15
935 2936 1020 3001 αὐτός
1047 2955 1097 2993 σου
1119 2937 1232 3007 τηρήσει

214 3010 353 3080 κεφαλήν,
371 3012 445 3081 gewd
459 3011 617 3082 <aspectans
632 3013 739 3078 (euim.
754 3012 792 3064 ΙΙ
803 3016 832 3078 9)
847 3012 982 3065 reddidit:
1004 3010 1066 3078 ipse
1084 3014 1165 3064 tuum
1183 3011 1231 3063 ob·

213 3081 342 3136 servabit
360 3084 452 3151 caput.
546 3082 582 3134 11
601 3081 690 3135 lemei
709 3084 742 3137 P.
834 3081 870 3135 12
890 3082 987 3136 vident
1007 3084 1039 3148 P,
1059 3100 1106 3135 em.
1122 3083 1178 3136 Bu.

216 3153 257 3208 lc
279 3153 430 3207 uincantur
452 3169 520 3208 corr.
537 3155 565 3208 P
583 3160 615 3207 ul
639 3154 748 3207 viduus·
769 3170 804 3207 ex
826 3153 984 3207 uincuntur.
1095 3153 1131 3207 18
1150 3156 1234 3207 tuoni

216 3224 335 3279 cottidie
364 3224 459 3279 eficiat
486 3225 535 3278 adi
561 3225 599 3279 P:
626 3224 702 3293 qnod
725 3224 790 3278 add.
811 3226 859 3278 Bu
878 3226 1018 3291 (emmaum
1042 3232 1105 3279 aule
1128 3226 1232 3291 cottl),

213 3296 272 3349 hoc
291 3296 348 3350 Ha.
404 3311 421 3348 a
440 3295 539 3350 vitiata
559 3296 617 3363 Ha,
635 3297 670 3363 cs.
685 3297 773 3362 intra,
793 3311 809 3349 a
828 3295 919 3349 filiata
938 3296 993 3349 Bu.
1062 3296 1099 3349 22
1118 3295 1233 3349 iuuenta

218 3370 252 3433 P,
273 3384 321 3421 em.
336 3369 393 3422 Bu.

310 3491 345 3546 ll
367 3493 458 3547 Mara
471 3496 582 3559 246,24
601 3491 699 3562 spissis
718 3490 886 3560 capillorum
909 3491 1032 3545 crinibus
1051 3492 1230 3545 adornantur.
1303 3556 1305 3561 Ι

219 3562 259 3617 18
277 3564 313 3632 cf.
329 3568 372 3631 12,
382 3568 408 3619 9.
482 3564 519 3617 18
537 3565 648 3620 uerbum
665 3563 766 3617 vitiare
785 3564 929 3633 quinquies
947 3569 1035 3617 cudat
1053 3564 1085 3616 in
1102 3563 1232 3626 Matbeei,

214 3636 400 3705 participium
422 3635 538 3689 vitiatus
560 3638 659 3690 emes:
684 3632 1024 3690 X0111'111a0114.
1046 3637 1069 3687 7.
1099 3632 1233 3687 ΧΟΙῘΙΙΓ

219 3708 296 3761 123.
311 3710 358 3761 26.·
377 3705 498 3762 OVHF
507 3708 528 3759 I
539 3711 583 3761 32.
646 3706 684 3760 le
700 3706 796 3760 'Mutia
812 3710 901 3772 33,17
915 3704 992 3759 illius
1007 3704 1131 3758 animam
1146 3704 1232 3773 pesti·

218 3778 311 3831 ferum
329 3778 429 3831 veneni
446 3778 522 3830 virus
542 3777 669 3845 exclusit,
689 3778 725 3844 cf.
740 3776 779 3830 ad
796 3780 895 3843 43,19³.
