3100 4359
699 382 750 442 §2
1198 373 1238 430 XI

218 541 434 620 f01.28':llll;
456 536 648 626 f01.36'(in
670 545 728 605 fine
746 538 844 626 libri):
869 545 904 604 V.
950 546 986 604 In
1005 545 1055 606 fol.
1075 546 1111 602 4ν
1133 545 1234 603 nullus

219 639 264 696 est
295 652 444 695 numerus.
491 633 575 694 Unde
608 635 783 694 concludere
815 636 897 708 licet,
935 654 1003 696 cum
1036 635 1184 694 corrector
1211 651 1235 707 p

217 727 306 785 hosce
338 741 476 783 numeros
508 723 640 796 inferret,
672 725 825 802 integrum
856 726 929 783 tunc
956 725 1084 800 primum
1116 725 1234 798 quater·

217 816 339 874 nionem
366 813 471 886 fuisse,
498 831 577 871 nunc
605 817 635 871 et
661 813 722 871 iam
751 832 774 872 s.
793 813 864 872 XVI
891 813 1030 872 lacerum.
1081 809 1145 880 Quo
1168 829 1233 871 sen·

216 903 315 964 tentia
341 900 559 978 quodammodo
587 901 823 976 commendatur,
856 920 933 977 quae
961 901 1056 961 adhuc
1083 901 1236 960 ferebatur

216 992 310 1052 nullis
333 990 434 1050 allatis
458 992 570 1064 causis,
596 991 685 1066 plura
712 1010 803 1067 quam
831 989 889 1049 duo
919 991 993 1050 folia
1020 989 1117 1067 prima
1139 990 1235 1050 libelli

215 1080 393 1139 Firmiciani
418 1098 480 1139 non
500 1080 650 1156 interisse,
678 1080 759 1157 quod
781 1099 852 1141 sane
876 1079 1025 1139 etiamen
1051 1080 1116 1155 ipso
1139 1078 1235 1139 libelli

220 1172 397 1248 argumento
420 1171 451 1228 et
467 1167 568 1227 indole
587 1168 793 1228 coniciendum
812 1172 865 1228 est.
903 1169 1090 1244 Quamquam
1112 1185 1234 1244 prorsus

218 1277 328 1338 negare
360 1277 420 1318 non
451 1257 522 1317 licet
558 1257 620 1316 iam
653 1261 815 1334 antequem
854 1260 1002 1318 corrector
1028 1277 1052 1332 p
1084 1259 1234 1334 integrum

217 1347 446 1424 quaternionem
463 1347 593 1423 primum
611 1366 735 1406 numero
756 1344 763 1406 Ι
785 1350 913 1421 ornaret,
936 1345 1068 1406 codicem
1090 1346 1233 1421 mutilari,

217 1437 334 1497 scilicet
357 1454 419 1495 uno
447 1436 495 1496 vol
523 1435 659 1513 pluribus
686 1436 931 1512 quaternionibus
959 1436 1060 1494 orbari
1091 1436 1232 1514 potuisse.

309 1527 338 1583 2.
361 1544 395 1605 rr,
423 1524 608 1604 signavimus
637 1543 758 1583 manum
788 1527 995 1597 recentiorem,
1028 1543 1049 1584 s.
1068 1523 1153 1598 XVI,
1185 1524 1233 1582 cui
1246 1533 1277 1586 ⁷¹1

217 1633 320 1674 omnes
338 1614 370 1673 in
386 1614 439 1672 fol
452 1615 484 1672 1r
501 1616 532 1673 et
550 1613 626 1673 aliae
646 1615 792 1688 quaedam
810 1615 843 1672 in
861 1615 966 1673 ceteris
984 1613 1103 1692 paginis
1122 1631 1233 1674 correc-

215 1707 304 1762 turae
341 1701 499 1776 debentur,
536 1721 609 1777 quas
641 1703 715 1761 Mus.
749 1703 842 1761 Rhen.
871 1701 923 1762 LX
951 1704 1015 1762 422
1051 1702 1233 1779 collegimus.

216 1793 284 1852 Hae
298 1793 483 1851 correcturae
497 1809 598 1850 omnes
613 1791 802 1849 consentiunt
820 1808 886 1850 cum
901 1791 1079 1851 lectionibus
1093 1791 1234 1850 editionis

217 1881 373 1958 principis,
395 1879 474 1939 unde
497 1881 558 1940 iam
580 1881 599 1939 l.
619 1898 643 1939 c.
662 1900 689 1956 p.
705 1881 769 1939 423
789 1881 883 1956 ipsius
906 1880 1001 1938 Flacii
1024 1898 1148 1938 manum
1171 1899 1233 1940 esse

217 1991 252 2050 rr,
276 1970 423 2045 suspicati
445 1988 559 2045 sumus,
583 1971 618 2028 ut
646 1969 699 2044 qui
726 1988 802 2044 quae
825 1970 923 2048 legere
950 1989 1011 2028 non
1041 1969 1102 2029 iam
1125 1973 1234 2044 posset,

217 2077 272 2118 suo
293 2058 416 2136 ingenio
438 2059 622 2134 suppleverit
644 2060 764 2132 suisque
789 2058 966 2118 coniecturis
989 2078 1048 2119 non
1072 2059 1234 2119 aditionem

217 2148 329 2221 solum,
362 2147 413 2206 sed
444 2148 537 2206 etiam
568 2147 667 2225 ipsum
704 2146 837 2206 codicem
871 2147 1082 2223 inquinaverit.
1138 2146 1234 2217 Quam

217 2237 416 2313 suspicionem
444 2256 545 2295 veram
571 2236 665 2296 fuisse
691 2254 770 2295 nunc
793 2237 1003 2314 intelleximus,
1027 2256 1095 2296 cum
1119 2256 1154 2295 ex
1177 2237 1233 2295 Ta-

215 2326 336 2386 bulario
363 2324 473 2385 Urbico
501 2325 711 2384 Ratisbonensi
737 2325 823 2384 nobis
856 2326 1025 2403 petentibus
1057 2327 1088 2384 in
1120 2325 1233 2385 Biblio-

215 2415 335 2476 thecam
376 2414 503 2491 Regiam
538 2414 751 2474 Universitatis
790 2414 1034 2474 Vratislaviensis
1071 2415 1233 2474 fasciculus

215 2503 341 2582 quidam
364 2503 471 2562 missus
499 2503 539 2562 sit
565 2495 703 2585 (numero
735 2504 871 2582 signatus
901 2497 967 2585 26),
994 2505 1147 2563 continens
1174 2506 1232 2562 tre·

216 2596 318 2653 centus
337 2593 399 2653 fere
417 2593 561 2670 epistulas
580 2611 600 2651 a
617 2593 718 2652 Flaoio
738 2593 864 2668 scriptas
883 2593 922 2650 ad
939 2593 1099 2652 Nicolaum
1113 2591 1232 2652 Gallum

216 2682 511 2759 superintendentem
546 2681 802 2742 Ratisbonansem.
862 2678 974 2750 Quibus
1011 2681 1128 2741 collatis
1167 2700 1233 2740 cum

216 2772 328 2832 codicis
356 2770 429 2831 folio
459 2773 499 2845 1¹,
525 2771 609 2830 cuius
636 2771 740 2830 tabula
769 2769 1007 2848 photographica
1031 2789 1049 2828 a
1073 2769 1232 2830 Skutschio

217 2864 394 2936 comparata
410 2859 496 2920 nobis
513 2863 634 2936 praesto
658 2865 711 2933 est,
734 2863 851 2918 tantam
870 2861 1065 2936 cognovimus
1085 2861 1115 2917 et
1136 2859 1232 2919 totius

217 2944 350 3010 ‘ductus'
373 2969 462 3025 quem
484 2949 611 3010 dicimus
634 2952 665 3008 et
687 2949 873 3028 singularum
900 2949 1071 3007 litterarum
1094 2949 1232 3008 similitu·

218 3039 327 3113 dinam
350 3042 385 3098 ut
405 3041 477 3114 quin
496 3038 630 3098 aFlacio
648 3039 719 3097 illae
734 3040 920 3096 correcturae
937 3039 970 3096 in
989 3037 1088 3097 codice
1103 3039 1232 3114 scriptae

218 3128 288 3202 sint,
309 3129 372 3188 iam
395 3128 527 3187 dubitari
548 3147 609 3188 non
626 3129 729 3204 possit.
777 3125 863 3196 Quod
886 3130 922 3185 ut
945 3127 1043 3202 quivis
1066 3128 1233 3205 perspicere

218 3218 322 3294 possit,
352 3216 444 3274 etiam
474 3237 509 3275 ex
537 3216 598 3275 illis
628 3215 765 3292 epistulis
795 3234 886 3274 unam
908 3216 1146 3293 photographioa
1168 3220 1232 3274 arte

218 3304 442 3383 exprimendam
469 3307 651 3379 curavimus,
688 3304 773 3363 cuius
807 3306 973 3381 exemplum
1005 3305 1232 3383 phototypioum

217 3413 365 3454 unacum
383 3393 516 3470 exemplo
529 3395 597 3452 folii
617 3396 649 3452 1¹
667 3393 775 3454 codicis
796 3394 928 3453 invenies
946 3396 979 3453 in
1002 3395 1081 3456 calce
1100 3385 1231 3474 libelli.¹)

308 3547 335 3615 1)
358 3544 552 3614 Expressimus
580 3544 718 3613 epistulae
747 3545 793 3598 die
821 3543 891 3598 XIV.
916 3546 1039 3600 octobris
1067 3545 1134 3600 anni
1162 3551 1230 3600 1561

218 3618 340 3688 scriptas
363 3619 420 3686 (no.
438 3619 501 3686 21⁷)
526 3617 661 3686 paginam
689 3615 815 3682 alteram,
845 3616 923 3670 cuius
951 3617 982 3670 in
1009 3617 1130 3685 septima
1156 3616 1232 3670 linea

217 3688 322 3762 legitur
344 3704 397 3744 vox
419 3691 496 3760 ipae,
524 3704 610 3756 quam
633 3687 758 3742 conferas
788 3705 850 3741 cum
876 3704 943 3741 voce
967 3691 1030 3760 ipae
1051 3687 1081 3740 in
1104 3689 1231 3758 margins

219 3759 334 3817 dextera
350 3758 414 3814 folii
438 3766 466 3815 1²
484 3759 587 3815 codicis
608 3758 732 3812 Palatini
751 3762 873 3813 exarata.
