3100 4359
690 406 741 466 §5
1136 402 1225 456 XXIX

217 573 301 632 1890
314 592 343 647 p.
355 572 418 631 297
428 562 497 650 sq),
513 571 624 645 quippe
638 587 716 645 quae
732 570 896 628 communis
910 569 950 628 sit
963 570 1085 648 linguae
1099 570 1225 630 Latinae

214 679 280 718 cum
308 661 413 720 ceteris
438 659 570 718 eiusdem
593 660 697 734 stirpis
720 659 831 735 linguis
855 650 898 738 (τὲ
918 657 1038 733 Graece,
1062 677 1095 718 ca
1119 661 1150 718 in
1169 662 1225 719 lin·

212 768 271 827 gua
293 742 470 827 Sanscrita),
499 749 561 806 iam
589 747 738 806 Ciceronis
769 749 867 806 aetate
891 747 1012 807 videtur
1041 748 1109 808 aliis
1131 750 1225 825 parti·

211 839 285 898 culIs
307 837 410 897 cedere
434 837 573 913 coepisse.
610 837 678 895 Non
697 840 798 895 sutem
822 845 922 896 veram
946 855 1011 896 eam
1033 838 1127 897 vitam
1150 839 1224 898 revi-

209 930 301 1000 xisse,
342 927 394 987 sed
433 928 464 984 in
502 925 663 985 artificiosa
705 928 823 984 tantum
864 927 999 984 oratione
1041 927 1226 1003 aliquamdiu

208 1018 360 1076 servatam
384 1032 449 1074 esse
472 1017 502 1073 et
525 1015 677 1074 Romanae
701 1033 775 1090 quas
799 1013 923 1074 dicimus
951 1016 1072 1092 linguae
1095 1021 1226 1090 monent,

210 1123 286 1180 quae
310 1123 346 1164 ea
368 1104 475 1164 vocula
498 1104 587 1179 plane
611 1106 726 1177 carent,
750 1106 780 1162 et
804 1103 925 1164 Firmici
947 1105 1042 1164 nostri
1065 1124 1135 1166 usus
1158 1124 1225 1164 oon-

208 1195 317 1268 sentit,
347 1193 400 1268 qui
428 1195 460 1251 in
486 1193 587 1251 libello
616 1192 651 1250 de
679 1211 777 1251 errore
804 1193 905 1251 tricies
932 1185 1011 1274 bisl)
1039 1195 1145 1254 vocula
1173 1213 1227 1268 quc

209 1285 318 1358 utitur,
337 1286 368 1341 et
381 1281 413 1340 id
427 1281 624 1341 duodetricies
639 1281 677 1339 ad
691 1281 915 1357 concipiendam
930 1283 1103 1356 clausulam,
1121 1287 1227 1360 quater

209 1374 295 1431 extra
322 1371 500 1430 clausulam:
531 1370 619 1429 XVII
639 1374 667 1429 1.
696 1370 767 1428 XXI
787 1374 814 1429 1.
838 1370 921 1428 XXV
941 1374 959 1431 3
983 1372 1038 1432 bis.
1084 1372 1127 1432 At
1153 1373 1227 1434 haec

209 1464 355 1536 quattuor
384 1459 519 1535 exempla
542 1459 645 1536 qualia
673 1461 747 1534 sint,
779 1460 947 1520 accuratius
971 1479 1082 1536 quaeso
1105 1461 1226 1538 inspice.

207 1549 329 1608 Primus
351 1550 432 1608 enim
449 1549 533 1608 locus
552 1568 612 1608 non
629 1548 753 1607 Firmioi
775 1550 829 1622 est,
852 1550 903 1608 sed
927 1569 962 1608 ex
979 1549 1227 1619 Pseudo-Quinti-

207 1639 291 1698 liano
324 1639 497 1713 exscriptus.
547 1637 652 1697 Altero
690 1638 768 1711 loco,
801 1637 908 1696 XXII
943 1639 978 1698 dc
1013 1642 1122 1698 cuncus
1157 1641 1227 1701 hoec

206 1727 441 1800 saeuusque
463 1727 674 1801 prophetorum
701 1728 842 1804 oraculis,
868 1727 1028 1802 repetit-am
1057 1729 1147 1788 habes
1176 1730 1227 1788 ad-

207 1811 388 1876 iectivcrum
411 1817 656 1890 compositionem
679 1835 714 1873 cx
732 1816 801 1875 aliis
820 1815 933 1876 duobus
956 1818 1039 1890 locis,
1062 1817 1169 1894 quibus
1189 1819 1227 1877 ad

207 1906 382 1984 fingendam
414 1904 549 1964 clausula
584 1905 715 1964 formata
751 1907 809 1964 est:
846 1905 900 1962 XX
931 1909 946 1964 1
980 1910 1114 1966 saucium
1145 1925 1227 1967 ceuc-

207 1996 395 2067 roudsmcpuc
420 1998 567 2052 seudum.
613 1992 785 2053 xxviiia
815 1995 947 2053 diuinum
974 1998 1228 2070 causatusque

207 2088 404 2158 praeculum.
460 2081 562 2140 Simile
596 2082 709 2158 aliquid
746 2084 836 2142 tertio
869 2086 900 2142 et
932 2088 1039 2162 quarto
1076 2086 1142 2146 loco
1179 2086 1227 2144 de-

207 2172 435 2248 prehendimus,
465 2190 532 2230 cum
561 2190 624 2231 uuo
651 2172 806 2246 codemque
835 2174 964 2248 utroque
986 2174 1118 2251 legatur,
1148 2175 1228 2252 quod

207 2261 360 2321 formulae
387 2261 484 2320 instar
506 2279 569 2319 esse
593 2263 727 2336 apparet.
772 2261 896 2336 Iamque
923 2263 956 2319 in
987 2281 1103 2322 summa
1131 2263 1227 2324 dicere

205 2351 281 2410 licet
304 2349 467 2408 Firmicum
491 2349 522 2407 in
552 2349 653 2409 libello
684 2349 720 2407 de
750 2369 848 2409 errore
878 2351 1058 2425 particulam
1086 2371 1141 2425 quc
1167 2373 1227 2414 non

208 2457 372 2515 usurpasse
394 2439 455 2497 nisi
477 2438 628 2498 clausulae
651 2441 758 2516 gratia.
794 2439 832 2497 In
850 2439 979 2499 Mathesi
1002 2443 1101 2500 autem
1121 2440 1227 2502 ducen-

207 2531 269 2590 ties
294 2528 464 2604 septuagies
486 2527 532 2587 bis
556 2519 613 2607 (=
629 2520 763 2608 82,2⁰l0)
786 2529 819 2587 in
844 2528 986 2602 clausula,
1014 2531 1227 2608 undesexagies

209 2609 423 2698 (=17,8⁰s0)
447 2618 531 2675 extra
554 2617 717 2676 clausulam
741 2618 850 2676 vocula
873 2635 927 2691 pue
949 2612 1141 2700 invenitur.²)

305 2788 331 2855 1)
345 2784 528 2848 Negleximus
540 2787 574 2839 ut
587 2803 639 2855 par
652 2785 728 2840 locos
742 2786 877 2840 bibliocos
891 2786 1019 2841 XXVHV
1035 2790 1064 2842 et
1077 2787 1193 2842 XXVIII
1202 2795 1226 2843 4.

302 2860 328 2924 2)
348 2856 517 2911 seclusimus
537 2857 571 2911 de
591 2857 801 2926 computatione
820 2858 870 2912 hos
889 2857 977 2912 locos:
999 2865 1023 2926 2,
1035 2865 1077 2925 23,
1096 2876 1151 2928 quo
1166 2859 1227 2915 loco

207 2929 299 2983 verba
317 2928 483 2998 occiduisque
507 2930 620 2984 lmuiuic
638 2930 715 2998 (ante
733 2931 775 2984 oei
793 2961 827 2969 —
846 2931 893 2997 ccl,
914 2929 948 2984 cf.
968 2948 995 2999 p.
1010 2929 1084 3000 XVI)
1108 2930 1228 2986 fortasse

207 3002 483 3067 sunt=-w-c.o-,
501 3016 569 3054 nam
583 2999 675 3054 brevis
690 3000 795 3055 vocalis
815 3003 948 3069 sequente
963 3019 1013 3071 que
1032 3001 1107 3055 arsin
1126 3002 1228 3072 explet,

208 3073 244 3126 cf.
266 3075 324 3137 8,1
347 3071 465 3140 imaque
486 3073 681 3141 conquirimus.
720 3078 762 3140 14,
778 3077 812 3126 28
836 3079 973 3142 usuraque
996 3090 1066 3142 quac
1088 3075 1227 3130 discimus.

207 3148 254 3208 49,
270 3147 306 3196 15
329 3142 455 3212 maloque
477 3143 625 3198 uranum
647 3143 732 3212 (quod
754 3143 801 3198 vix
830 3143 942 3198 credam
970 3161 1030 3199 esse
1050 3171 1083 3190 =
1102 3149 1228 3216 cmm).

208 3213 532 3282 murmuratumque
555 3215 736 3270 couiuuacril.
775 3220 866 3282 1125
890 3217 1078 3285 crebricraquc
1102 3217 1227 3272 deceruit.

209 3290 274 3351 228,
286 3289 319 3337 16
339 3285 485 3354 officiaque
503 3288 670 3355 ceroplastas.
707 3285 790 3340 Unde
804 3285 924 3340 fortasse
939 3287 1026 3341 etiam
1039 3287 1124 3342 verba
1141 3294 1226 3354 141,1

204 3358 346 3427 plenaque
360 3357 511 3412 homiuibus
526 3374 635 3411 comma
649 3359 715 3410 sunt
728 3357 926 3425 rhythmicum.
948 3363 1017 3427 16,4
1031 3359 1116 3413 verba
1131 3359 1229 3430 cci]em

208 3428 401 3496 iudiciumque
419 3428 514 3481 nescio
533 3443 570 3480 an
589 3427 630 3482 sic
647 3426 780 3498 legenda:
804 3435 919 3484 rutum.
957 3429 1038 3484 Locis
1058 3435 1150 3498 30,19
1169 3449 1228 3486 mu-

209 3499 360 3568 tabilesque
378 3515 481 3568 semper
498 3506 607 3554 eocutus
625 3501 654 3552 ct
673 3504 715 3565 37,
732 3505 765 3552 16
784 3501 970 3570 Afroruuque
987 3502 1116 3557 subdolos
1130 3510 1229 3558 uwutcs

210 3572 241 3624 et
259 3568 308 3624 fol.
322 3569 396 3622 LIX¹
414 3569 465 3623 col.
480 3569 493 3622 I
512 3589 536 3624 v.
552 3575 566 3624 ‘1
587 3572 817 3640 mutabilitasque
839 3588 942 3641 semper
960 3574 1092 3628 maurusi
1108 3573 1229 3628 forsitan

210 3644 290 3696 certo
301 3640 420 3695 consilio
435 3640 577 3695 clausulae
588 3669 676 3695 -υ.-υ
689 3642 837 3697 trochaeus
850 3643 1030 3712 praemissus,
1045 3644 1121 3712 quod
1134 3645 1228 3699 nescio

211 3730 251 3765 an
264 3730 320 3766 non
335 3729 403 3766 casu
416 3713 615 3766 creberrimum
629 3715 672 3766 est
686 3713 761 3782 apud
771 3713 932 3770 Firmicum.
952 3719 1021 3782 63,3
1037 3715 1148 3769 codices
1162 3715 1229 3770 fluo·

210 3786 305 3852 tuant,
323 3786 353 3838 et
367 3789 438 3849 68,o
452 3785 538 3838 verba
552 3785 637 3839 etiam
645 3785 837 3856 porcu]tesquc
852 3793 877 3840 ct
889 3787 961 3854 (ilios
975 3785 1094 3840 fortasse
1108 3786 1229 3857 legenda
