3100 4359
338 368 382 431 26
680 364 820 420 mosaci
838 364 1008 419 musam
1388 244 1392 393 i

336 537 483 593 iuvenem.
528 534 562 592 Si
583 534 656 593 deus
678 538 745 591 erat
765 534 881 593 Adonis
907 552 962 592 our
982 534 1088 593 rivalis
1110 534 1240 595 insidias
1263 535 1348 594 nesei-

243 641 321 697 (m
339 623 434 683 ebat?
462 624 495 682 Si
512 625 601 682 homo
619 642 673 681 cur
690 642 758 681 cum
775 624 927 698 superiore
946 620 1102 682 certabat?
1136 623 1195 682 Sed
1214 627 1246 683 et
1264 625 1348 682 alium

309 714 428 772 ,audio
450 732 519 771 cum
540 712 656 771 Venere
678 713 835 790 coniugale
860 712 999 771 habuisse
1022 714 1224 771 consortium:
1246 712 1348 772 Vulca-

337 822 394 860 nus
415 802 475 860 nisi
495 802 586 860 fallor
612 802 724 859 abthis
746 800 870 859 deorum
891 801 1057 859 cultoribus
1080 804 1210 859 maritus
1233 803 1348 861 Veneris
1392 796 1393 799 ¹

338 911 402 951 esse
423 891 604 967 perhibetur.
646 889 672 948 0
693 909 840 948 vanorum
863 891 1017 948 hominum
1039 890 1166 949 ridenda
1187 893 1347 965 persuasio!
1367 910 1374 947 5

336 980 421 1039 Inter
442 979 517 1038 dnos
538 982 664 1039 man'tos
686 980 807 1037 adulter
828 980 960 1054 positus·
980 980 1017 1037 ab
1041 998 1101 1039 uno
1125 982 1263 1054 cupitur·
1283 981 1348 1038 alte

337 1090 405 1128 rum
431 1070 534 1127 vincit
579 1068 640 1127 Sed
665 1067 733 1126 ride
759 1074 796 1125 ut
823 1067 942 1126 adulter
964 1068 1035 1126 deus
1057 1070 1202 1127 maritum
1225 1069 1349 1128 vinceret

338 1158 418 1234 quod
436 1156 495 1216 sibi
512 1176 619 1233 corpus
637 1158 743 1235 elegit!
770 1157 881 1215 Porcus
900 1175 964 1215 esse
982 1157 1092 1216 meluit
1110 1160 1164 1232 qui
1182 1160 1209 1215 si
1227 1157 1349 1215 habehat

336 1247 476 1305 mutandi
496 1248 630 1322 corporis
651 1250 842 1323 potestatem,
864 1245 959 1305 leonis
981 1246 1086 1305 debuit
1107 1248 1210 1322 potius
1229 1248 1347 1321 speciem

236 1354 276 1399 lot
287 1338 524 1411 zorformamqoe
546 1337 704 1411 suscipere.
742 1334 801 1393 Sed
818 1335 935 1393 leonem
953 1334 1056 1393 dicunt
1077 1337 1131 1410 qui
1148 1338 1275 1394 naturas
1294 1336 1347 1393 eni·
1359 1354 1376 1390 ιο

339 1425 465 1483 melium
491 1428 609 1497 norunt
635 1426 669 1482 iu
694 1424 751 1483 illa
777 1424 904 1501 agrestis
932 1424 1025 1481 animi
1047 1424 1169 1482 feritate
1191 1424 1347 1499 pudicitiae

338 1532 456 1574 servare
487 1516 647 1572 virtutem:
686 1513 794 1572 merito
826 1513 864 1571 ab
900 1512 1039 1572 adultero
1074 1512 1170 1571 leonis
1207 1516 1347 1588 spernitur

304 1605 445 1676 aforma,
468 1606 499 1661 et
519 1603 674 1661 libidinosi
695 1602 835 1661 animalis
858 1602 989 1678 eligitur.
1034 1602 1094 1661 Hic
1115 1602 1179 1659 iam
1206 1602 1347 1678 evaugeli-

338 1712 390 1751 cae
407 1692 580 1751 truditiouis
602 1695 716 1750 secreta
737 1695 908 1749 tractemus.
952 1691 1057 1749 Eiecto
1080 1691 1241 1751 daemonio
1264 1691 1346 1750 domi-

338 1801 394 1839 nus
420 1799 578 1856 porcorum
604 1799 725 1858 gregem
752 1780 853 1852 donat
881 1798 935 1838 nec
961 1782 1110 1853 inmerito,
1137 1783 1174 1837 ut
1197 1798 1267 1838 oum
1289 1781 1376 1837 libi-15

338 1871 450 1929 dinosis
467 1869 646 1928 animalibus
664 1889 718 1943 per
735 1869 811 1927 doru
829 1871 1008 1944 praecipitia
1025 1869 1194 1944 fluctusque
1213 1869 1347 1928 iactatus·

337 1980 392 2037 per
413 1962 525 2018 mortes
546 1978 703 2033 porcorum
725 1960 826 2016 varias
849 1958 941 2035 digna
963 1977 1034 2017 nece
1052 1959 1214 2017 inmundus
1235 1958 1347 2035 spiritus

337 2052 518 2124 carperetur·
1395 2122 1396 2125 i

426 2138 462 2195 K
493 2135 594 2195 Audio
617 2135 759 2211 Cinyram
783 2134 928 2212 Cyprium
951 2136 1098 2211 templum
1126 2138 1242 2196 amicae
1266 2156 1345 2195 mere·

338 2227 407 2285 triei
430 2225 557 2285 donasse
575 2258 620 2266 —
638 2226 666 2282 ei
688 2228 754 2283 erat
775 2226 879 2283 Venus
901 2244 1009 2283 nomeu
1030 2256 1081 2296 -,
1103 2224 1242 2285 initiasse
1266 2228 1376 2285 etiamsi

339 2315 466 2391 Cypriae
489 2316 600 2373 Veneri
627 2315 772 2390 plurimos
800 2317 831 2372 et
853 2316 939 2374 runis
964 2314 1238 2373 consecutionibus
1267 2316 1348 2390 depu-

338 2409 427 2477 tasse,
450 2406 591 2463 statuisse
614 2406 706 2462 etiam
728 2409 764 2461 ut
786 2404 967 2479 quicumque
988 2402 1106 2460 initiari
1128 2404 1221 2461 vellet
1244 2407 1349 2463 secreto

338 2495 463 2553 Veneris
491 2494 550 2553 sibi
576 2493 698 2566 tradito,
726 2511 823 2550 assem
849 2511 942 2550 uuum
968 2491 1112 2550 mercedis
1139 2495 1262 2552 nomine
1285 2493 1350 2551 dese
1396 2494 1397 2537 ἲ

339 2584 432 2642 daret
477 2582 564 2651 Quod
589 2585 736 2641 secretum
763 2581 851 2656 quale
879 2583 919 2640 sit
947 2598 1049 2640 omues
1071 2583 1159 2639 taciti
1180 2581 1350 2659 intellegere

339 2673 486 2749 debemus,
502 2672 575 2748 quie
592 2673 649 2730 hoo
665 2673 765 2746 ipsum
783 2672 906 2746 propter
923 2669 1141 2745 turpitudinem
1163 2671 1350 2730 manifestius
1362 2685 1378 2723 s

339 2763 488 2839 explicare
509 2780 569 2820 uon
591 2779 756 2836 possumus.
792 2760 872 2817 Bene
896 2764 1012 2817 ametor
1030 2757 1155 2833 Cinyras
1177 2760 1351 2818 meretriciis

339 2852 454 2929 legibus
476 2851 582 2910 servit:
605 2852 796 2908 consecratae
814 2849 925 2907 Veneri
947 2866 966 2905 a
988 2847 1192 2907 sacerdotibus
1218 2850 1281 2907 suis
1305 2848 1351 2906 sti-

338 2960 407 3016 pem
429 2940 496 2999 deri
517 2940 607 2997 iussit
627 2942 663 2997 ut
685 2940 793 2997 scorto.

403 3218 409 3228 .
428 3144 446 3198 8
465 3144 566 3198 maluit
579 3144 707 3232 quilleno
723 3142 767 3208 Oe,
781 3140 895 3205 meluit3
915 3141 969 3205 Qui
983 3143 1011 3195 P
1026 3150 1052 3195 et
1069 3150 1116 3196 cet.
1131 3142 1192 3196 edd.
1245 3142 1283 3196 10
1302 3139 1351 3222 Sed

338 3215 654 3343 iffiiiiiosilissii
666 3216 739 3339 i'e
753 3285 781 3337 o.
793 3213 830 3266 ¹³
850 3212 1124 3352 ‘'ilsslltt‘dtlt-
1143 3215 1350 3339 Nicpiitiriii

338 3362 373 3413 ut
390 3361 424 3413 P.
493 3358 531 3411 ‘la
550 3358 655 3411 trudito
671 3373 732 3409 esee
746 3360 833 3409 mumi
848 3358 882 3423 P,
900 3374 949 3411 eni.
966 3358 1016 3409 We
1030 3363 1055 3410 et
1069 3356 1192 3427 Scaliger
1206 3357 1283 3425 apud
1296 3354 1347 3409 We.

340 3431 377 3485 27
399 3429 498 3485 seruiit
517 3430 633 3494 BuHa,
660 3428 708 3482 sed
734 3428 896 3495 respondent
924 3430 995 3481 mter
1020 3445 1048 3481 se
1075 3429 1217 3482 clausulae
1244 3426 1348 3497 legibus

339 3504 426 3557 servit
443 3508 469 3557 et
487 3501 570 3555 iussit
587 3503 620 3553 ut
638 3501 738 3553 scorto.

429 3683 447 3735 ὅ
466 3696 528 3735 esee
541 3678 721 3748 perhibetur:
733 3677 768 3743 cf.
787 3679 875 3731 Mart.
892 3676 991 3732 01⁷⁰!
1000 3682 1043 3731 39.
1101 3677 1187 3745 1(ῐοῖΙ
1203 3679 1241 3732 od
1254 3680 1298 3741 23,
1307 3675 1347 3727 23.

404 3752 575 3805 manifestius
593 3749 748 3817 explicare:
766 3751 802 3815 cf.
818 3755 863 3814 58,
872 3754 916 3803 24.
945 3750 1034 3803 Maeli.
1049 3752 1132 3815 seſs.
1154 3753 1254 3816 171,2.
