3100 4359
341 384 389 440 DE
408 386 557 441 ERRORE
576 386 678 441 Paos.
692 386 773 441 RRL.
794 386 871 441 clf.
885 385 1061 439 XXI-XXII
1163 386 1205 451 57

193 556 387 616 sublevantur
412 557 526 632 pariter
553 559 584 615 et
608 556 808 630 continentur,
830 554 877 615 his
899 555 1036 615 cornibus
1059 554 1133 614 bene
1155 554 1207 614 ho·

192 645 307 705 minum
327 646 426 703 utitur
446 646 520 706 vita.
566 644 608 704 Ut
629 645 773 703 Amalech
796 645 972 718 vinceretur,
994 645 1123 703 extensis
1145 662 1207 703 ma·

194 734 281 795 nibus
302 734 421 811 Moyses
448 734 522 793 haec
548 735 687 794 imitatus
713 737 760 793 est
787 752 911 806 cornue3
943 736 978 793 nt
1006 733 1125 792 facilius
1153 732 1207 791 im-

191 827 324 900 petraret
351 823 431 900 quod
450 842 633 901 magnopere
654 822 837 899 postulabat,
860 840 975 881 crucem
999 822 1057 883 sibi
1079 823 1151 881 fecit
1173 840 1208 883 ex
1232 828 1233 835 ’

167 916 288 990 svirgu.
333 912 381 971 Ad
408 913 482 971 haec
508 931 620 972 cornua
645 914 755 972 festina
788 911 939 972 celeritate
969 913 1137 987 properate,
1170 910 1209 971 nd

191 1003 266 1061 haec
289 1020 401 1061 cornua
423 1001 530 1060 humili
550 1003 740 1061 veneratione
758 1000 920 1080 confugite,
938 1001 985 1060 his
1003 1018 1056 1061 vos
1074 999 1209 1077 adfigunt

191 1091 332 1151 cornibus
354 1092 489 1150 iustitia·
509 1091 661 1167 aequitas·
677 1091 837 1166 pudicitia,
859 1089 1079 1150 misericordia·
1094 1090 1208 1165 patien-

191 1182 254 1239 tia·
269 1179 351 1254 fides,
378 1183 413 1238 nt
439 1180 608 1241 venerande
633 1180 834 1255 praeferentes
864 1178 1006 1255 insignia·
1020 1182 1209 1239 consecratae

190 1270 302 1329 fnontis
314 1270 472 1329 maiestate
490 1269 670 1347 gaudentes·
684 1272 716 1327 et
733 1268 904 1345 sepulturae
919 1266 1031 1327 Christi
1048 1268 1209 1344 participes
1233 1284 1236 1291 ·

153 1381 178 1419 ro
191 1360 259 1418 sitis
282 1361 314 1417 et
336 1359 426 1418 vitae.

282 1447 377 1508 XXIL
404 1446 497 1506 Aliud
524 1449 617 1506 etiam
643 1446 811 1523 symbolum
838 1447 1027 1523 proferimus,
1051 1450 1086 1505 ut
1108 1448 1299 1509 conta-low

190 1539 326 1597 minatae
348 1537 540 1614 cogitationis
560 1537 675 1596 scelera
697 1536 874 1595 revelentur.
918 1534 1009 1595 (iuius
1031 1537 1113 1594 totus
1136 1534 1217 1594 ordo

189 1625 337 1685 dicendus
360 1629 415 1699 est,
437 1628 472 1684 nt
493 1629 569 1702 aput
591 1644 693 1685 omnes
716 1628 834 1685 constet
858 1625 977 1685 divinae
1005 1624 1209 1700 dispositionis

189 1717 292 1793 legem
313 1732 454 1790 perversa
477 1714 590 1774 diaboli
613 1734 676 1774 esse
697 1714 867 1774 imitatione
890 1716 1069 1789 corruptam.
1114 1711 1210 1773 Nocte
1277 1766 1280 1778 r

151 1825 176 1865 ιε
189 1804 324 1881 quadam
356 1804 549 1863 simulacrum
580 1804 613 1862 in
644 1804 750 1863 lectica
778 1805 919 1879 supinum
947 1804 1078 1880 ponitur,
1105 1805 1136 1862 et
1157 1820 1211 1878 per

189 1912 333 1953 numeros
357 1893 481 1970 digestis
503 1892 622 1953 fletibus
645 1894 808 1971 plangitur.
855 1891 969 1952 Deinde
997 1912 1064 1952 cum
1087 1910 1118 1951 se
1140 1891 1211 1952 ficto

188 1984 409 2043 lamentatione
436 1984 622 2056 satiaverint,
647 1982 748 2041 lumen
774 1983 910 2041 infertur.
956 1982 1039 2041 Tunc
1067 2000 1085 2039 a
1113 1999 1208 2040 secer·
1222 1992 1281 2043 (11²)

188 2073 263 2132 dote
292 2074 425 2131 omnium
453 2073 506 2149 qui
532 2071 644 2131 flebant
670 2072 772 2130 fauces
800 2074 977 2149 unguentur,
1005 2070 1115 2146 quibus
1144 2088 1209 2145 per·

190 2162 312 2222 unctis·
327 2162 464 2222 sacerdos
486 2161 543 2221 hoc
564 2161 647 2220 lento
668 2180 821 2220 murmure
844 2164 991 2221 susurrat:

149 2292 176 2331 ro
356 2271 494 2349 θαρρεῖτε
516 2266 623 2346 μύσται
645 2276 698 2327 τοῦ
720 2271 797 2326 θεοῦ
820 2263 1021 2344 σεσωσμένον·

357 2355 437 2417 ἔσται
459 2355 515 2436 γὰρ
538 2352 611 2433 ἡμῖν
633 2354 666 2416 ἐκ
688 2356 792 2416 πόνων
814 2356 952 2437 σωτηρία.

190 2465 277 2536 Quid
299 2466 422 2525 miseros
445 2464 574 2523 hortaris
598 2458 675 2541 (ut)
697 2461 868 2541 gaudeant?
897 2462 975 2532 Quid
999 2462 1136 2540 deceptos
1160 2465 1246 2523 hot

190 2557 293 2614 mines
320 2554 428 2613 laetari
455 2550 621 2628 conpellis?
653 2552 748 2622 Quam
771 2553 833 2611 illis
857 2566 956 2629 spem·
972 2570 1063 2628 quam
1086 2552 1213 2612 salutem

191 2646 316 2703 funesta
343 2645 534 2719 persuasione
561 2640 735 2718 promittis?
766 2640 844 2710 Quid
871 2642 940 2701 illos
963 2642 1041 2701 false
1063 2641 1213 2717 pollicita·

150 2756 176 2794 se
191 2736 280 2793 tione
307 2730 472 2791 sollicitas?
513 2731 570 2789 Dei
596 2732 642 2789 tui
669 2750 748 2791 mors
772 2734 844 2790 nota
867 2734 921 2806 est,
949 2732 1013 2790 vita
1036 2750 1094 2789 non
1119 2732 1217 2807 paret,¹

189 2841 251 2882 nec
283 2812 320 2880 de
351 2822 567 2881 resurrectione
600 2823 663 2879 eius
695 2821 830 2880 divinum
862 2818 1024 2896 aliquando
1060 2820 1214 2896 respondit

288 2955 307 3009 e
325 2955 417 3011 moa.
433 2958 477 3021 17,
492 2958 590 3009 9—12.
670 2953 689 3009 4
708 2956 794 3009 Num.
808 2959 854 3022 21,
868 2942 948 3021 849,
967 2961 997 3009 at
1014 2954 1049 3021 σι
1066 2955 1121 3009 uu
1139 2954 1177 3007 ac
1195 2955 1212 3007 ι.

287 3080 334 3134 dd.
345 3098 374 3149 p.
390 3078 408 3133 2
423 3080 581 3133 vinceretur
594 3086 620 3134 et
633 3080 652 3134 8
666 3096 769 3134 cornua
785 3079 849 3134 odd.
900 3078 1057 3149 Rmoyses;
1071 3078 1138 3133 Hae
1153 3081 1186 3134 P.

194 3154 301 3209 Nonne
317 3152 489 3207 effluendum
508 3153 538 3205 et
555 3154 588 3204 ut
605 3150 738 3205 facilius?
814 3150 832 3205 8
852 3153 878 3207 d.
888 3170 919 3221 p.
935 3150 1058 3220 insignia
1077 3150 1141 3205 add.

193 3222 323 3280 orontis
339 3226 372 3290 P,
386 3240 434 3277 em.
451 3222 506 3277 Bc.
562 3222 597 3275 ll
619 3223 779 3295 contamine
800 3225 833 3290 P,
851 3241 899 3278 em.
915 3224 973 3277 Ha.
1030 3220 1068 3276 14
1088 3220 1161 3275 Note
1181 3222 1213 3277 P.

194 3297 244 3350 dd.
258 3313 286 3365 p.
303 3294 340 3348 lt
359 3295 475 3364 ponitur
492 3300 518 3349 et
537 3294 573 3347 17
593 3294 759 3349 satiaverint
773 3296 838 3349 add.
899 3294 938 3349 20
956 3294 1094 3349 eureus
1113 3292 1214 3349 ΜΙΕΤΕ

196 3370 231 3423 Ρ.
297 3366 403 3421 dauid.
486 3364 522 3419 21
544 3365 626 3421 ΕΠΕ
646 3368 679 3421 P.
762 3365 801 3419 22
821 3365 895 3437 (ut)
916 3365 1142 3421 adortasse.

194 3437 237 3493 24
255 3437 397 3508 permittis
417 3437 450 3503 P,
469 3454 516 3492 cm.
532 3436 582 3491 ΓΖ.

290 3561 308 3617 5
329 3560 841 3628 Math.198,13festinaceleritato‚
863 3565 902 3616 27
920 3560 1004 3616 celeri
1025 3559 1215 3627 festinatione,

196 3636 234 3703 cf.
251 3635 305 3689 Mo
321 3639 365 3689 24.
439 3632 477 3687 lu
497 3632 593 3686 divina
612 3632 761 3701 dispositio
780 3639 869 3688 exstat
887 3637 976 3699 59,1o
995 3639 1021 3689 ct
1042 3633 1130 3687 tribuo
1149 3631 1215 3685 Mc-

196 3707 301 3761 tieeaeos
318 3706 397 3759 lecim
418 3708 461 3771 13,
472 3709 515 3760 30.
534 3708 580 3770 22,
589 3707 636 3758 29.
665 3703 787 3759 ΝΠ
796 3708 840 3760 32.
918 3704 952 3757 24
976 3704 1066 3759 Mace.
1083 3708 1108 3767 3,
1117 3706 1155 3757 26
1174 3702 1215 3755 in·

198 3776 331 3831 consulte
347 3775 554 3845 pollicitatione
572 3775 759 3844 promisimus.
