3100 4359
330 402 380 456 Du
398 402 547 458 ERRORE
565 402 668 457 PROl'.
683 402 761 456 REb.
782 400 859 456 cAP.
873 401 1103 456 XXVI-XXVII
1180 401 1224 465 69

209 572 415 631 tunderetur.
442 571 518 631 Mihi
536 572 656 644 credite,
674 571 750 630 nihil
768 570 970 646 praetermisit
988 570 1124 630 diabolus
1144 570 1225 646 quod

208 662 358 721 bominem
391 664 531 721 miserum
561 664 615 720 aut
643 661 816 721 debilitaret
837 662 891 718 aut
912 658 1057 735 perderet.
1098 658 1169 718 Ideo
1192 677 1224 719 se

208 770 261 827 per
283 768 385 810 omnes
407 752 520 810 formas
542 750 703 826 multiplici
725 749 900 808 diversitate
924 749 1079 823 convertit,
1101 748 1169 808 ideo
1192 766 1224 807 se

208 840 320 901 diversi
342 840 458 917 generis
477 839 642 899 calliditate
661 838 825 915 conposuit,
848 841 883 897 ut
905 839 997 897 variis
1020 857 1056 899 ac
1078 838 1223 913 multipli-

182 929 291 990 ecibus
313 928 471 988 fraudibus
494 929 630 988 homines
652 930 793 987 inretitos
815 929 977 986 interimat.

296 1018 420 1076 XXVII.
454 1017 545 1077 Sacra
567 1037 622 1077 sua
644 1018 779 1096 perditus
803 1017 933 1075 carnifex
956 1008 1025 1096 (pro
1049 1008 1147 1097 nefas)
1170 1036 1225 1092 per

206 1108 323 1186 lignum
346 1125 462 1183 semper
484 1109 623 1167 renovari
645 1107 802 1183 disposuit,
824 1108 861 1163 ut
883 1105 955 1181 quia
978 1105 1091 1165 sciebat
1107 1106 1171 1166 iore
1190 1109 1225 1166 ut

204 1198 289 1273 ligno
317 1198 412 1256 crucis
440 1194 538 1255 adfixa
564 1197 629 1255 vita
655 1197 785 1255 hominis
812 1198 973 1271 perpetuae
996 1194 1224 1255 inmortalitatis

205 1288 373 1363 conpagine
396 1287 607 1363 stringeretur,
633 1287 783 1361 perituros
810 1283 944 1343 homines
967 1303 1002 1343 ex
1025 1284 1102 1361 ligni
1124 1285 1224 1343 imita·

169 1376 289 1438 ntione
311 1374 469 1451 deciperet
514 1375 552 1433 ln
578 1375 669 1435 sacris
692 1374 813 1452 Ibygiis
839 1392 917 1449 quae
940 1374 1046 1432 matris
1069 1373 1157 1432 deum
1180 1374 1223 1433 di-

205 1467 289 1539 cunt,
311 1483 365 1539 per
383 1480 476 1523 annos
495 1463 629 1540 singulos
648 1464 740 1522 arbor
756 1463 847 1540 pinea
865 1461 1008 1536 caeditur,
1027 1463 1058 1521 et
1075 1463 1107 1521 in
1124 1463 1224 1521 media

204 1552 312 1612 arbore
335 1554 527 1612 simulacrum
548 1554 668 1613 iuvenis
690 1552 868 1630 subligatur.
899 1552 935 1610 In
953 1550 1058 1611 Isiacis
1077 1552 1169 1610 sacris
1187 1551 1223 1609 de

204 1644 296 1719 pinea
320 1642 425 1701 arbore
447 1642 581 1702 caeditur
603 1646 736 1701 truncus.
777 1641 875 1701 Huius
897 1642 1000 1699 trunci
1026 1640 1125 1699 media
1152 1659 1222 1716 pars

205 1731 360 1791 subtiliter
390 1737 562 1806 excavatur,
586 1732 657 1790 illic
689 1731 725 1790 de
753 1729 937 1808 segminibus
967 1731 1081 1788 facturn
1108 1729 1223 1789 idolum

165 1844 190 1884 rs
205 1820 334 1881 Osiridis
360 1821 510 1897 sepelitur.
532 1813 537 1902 Ι
558 1820 593 1878 In
615 1820 812 1896 Proserpinae
839 1819 946 1878 sacris·
966 1836 1052 1877 caesa
1080 1818 1168 1877 arbor
1190 1820 1222 1877 in
1241 1830 1368 1885 asasrv

203 1910 334 1988 effigiem
363 1911 489 1987 virginis
507 1910 698 1985 'formamque
720 1909 912 1984 conponitur,
935 1910 967 1967 et
988 1926 1056 1966 cum
1077 1908 1159 1967 intra
1182 1910 1222 1967 ci·
1248 1922 1251 1929 ⁴
1302 1940 1304 1945 .

203 2002 331 2059 vitatem
349 1999 442 2058 fuerit
460 1999 564 2073 inlata,
588 1999 791 2075 quadraginta
809 1997 946 2056 noctibus
963 1997 1126 2074 plangitur,
1150 2017 1222 2073 qua·

203 2088 375 2166 dragesima
402 2106 471 2147 vero
498 2092 585 2147 nocte
612 2081 804 2147 conburitur(
841 2085 899 2145 Sed
923 2088 952 2144 et
974 2086 1029 2165 illa
1056 2086 1117 2145 alia
1138 2087 1223 2165 ligna

204 2197 283 2253 quae
316 2177 390 2251 dixi,
422 2176 528 2236 similis
561 2176 681 2235 flamma
713 2178 870 2235 consumit.
921 2174 1000 2234 Nam
1032 2177 1123 2235 etiam
1155 2180 1223 2252 post

162 2289 189 2327 ro
203 2286 317 2327 annum
336 2268 469 2342 ipsorum
482 2266 633 2343 lignorum
647 2284 754 2343 rogum
767 2265 888 2323 flamma
902 2264 1079 2340 depascitur.
1105 2266 1223 2325 Errasti

202 2356 296 2416 misor
318 2361 349 2414 et
371 2356 561 2414 vehementer
583 2357 698 2415 errasti.
743 2354 829 2413 Nihil
850 2353 908 2413 tibi
930 2356 1042 2430 poterit
1064 2356 1142 2433 ignis
1164 2356 1222 2415 iste

202 2446 354 2521 prodesse.
404 2446 528 2504 Frustra
551 2444 609 2503 tibi
636 2463 671 2501 ex
702 2445 763 2503 ista
793 2444 914 2505 flamma
949 2443 1108 2517 blandiris,
1144 2444 1222 2501 huuc

203 2536 306 2613 ignem
324 2535 499 2593 commentis
517 2535 578 2594 tuis
601 2552 719 2609 semper
739 2551 874 2592 renovas
907 2532 990 2610 Ignis
1014 2534 1068 2608 qui
1090 2532 1126 2591 de
1148 2532 1221 2591 faciss

204 2625 329 2683 neribus
355 2624 417 2682 tuis
444 2624 540 2699 exigit
565 2642 691 2698 poenas,
718 2626 864 2698 perpetua
888 2622 1104 2681 tdrmentorum
1127 2624 1221 2680 conti·

164 2714 349 2773 sinuatione
380 2716 541 2790 grassatur.
592 2711 696 2771 Divini
727 2730 762 2771 ac
793 2712 949 2770 liberantis
980 2710 1057 2788 ligni
1089 2710 1257 2775 ordinems

203 2803 298 2876 disce,
326 2804 362 2860 ut
384 2804 460 2862 scias
487 2802 572 2861 nulla
593 2801 649 2860 tibi
673 2820 759 2877 posse
781 2803 898 2859 ratione
922 2801 1061 2859 succurri.
1104 2800 1151 2857 'De
1175 2818 1222 2858 ca·

296 3008 312 3060 1
332 3008 360 3062 d.
370 3026 400 3078 p.
416 3008 523 3062 credite
542 3008 606 3062 add.
698 3006 715 3061 b
734 3006 910 3061 interimeret
929 3007 987 3062 Wo.
1077 3005 1112 3059 11
1133 3005 1183 3058 dc„
1190 3023 1220 3074 p.

202 3080 305 3134 dicunt
322 3086 349 3134 ct
366 3079 495 3135 caeditur
512 3078 577 3134 aad.
659 3077 697 3133 14
715 3078 773 3133 illis
793 3079 827 3146 P,
845 3096 893 3133 cm.
912 3078 955 3133 Oc.
1038 3076 1166 3142 seminib;
1188 3079 1220 3143 P,

201 3170 252 3207 cm.
274 3152 333 3207 Wo.
370 3151 422 3206 litt.
437 3169 466 3204 m
484 3151 543 3205 cias
560 3150 632 3206 occis
653 3168 672 3203 o
689 3168 708 3218 p
726 3158 865 3206 renovata.
958 3149 995 3204 15
1015 3148 1110 3202 saeris.
1130 3164 1220 3202 caesa.

203 3227 239 3281 P.
277 3223 340 3277 'dd
351 3240 382 3292 p.
398 3222 434 3275 11
449 3220 541 3277 inlata
554 3222 631 3278 als
647 3222 706 3275 dixi
719 3229 746 3277 ct
759 3221 797 3275 22
812 3220 950 3277 blandiris
964 3220 1029 3275 cdd.
1099 3219 1138 3273 211
1151 3219 1221 3275 isto-

201 3313 269 3349 rum
282 3296 331 3349 Ba
341 3295 399 3349 Ha
460 3295 543 3349 cabo
557 3293 658 3347 errasti
671 3293 757 3348 misor
770 3294 978 3363 iuPrcpctita,
991 3292 1038 3347 sed
1052 3300 1146 3347 craso.¹
1174 3293 1223 3347 Aa

201 3374 273 3423 recte
286 3383 314 3420 ec
327 3366 408 3420 babet
420 3367 539 3431 iteratio,
554 3366 589 3433 rs.
600 3368 644 3431 37,
654 3369 672 3419 3
683 3364 699 3418 2
781 3364 823 3418 211
838 3380 975 3419 renovans
997 3364 1033 3419 Oe
1043 3364 1091 3417 Ba
1102 3364 1160 3417 Ha.

202 3475 243 3530 aa
262 3473 421 3528 suranus
440 3475 473 3539 P,
491 3490 539 3527 ea.
554 3472 604 3527 rr.
667 3438 738 3543 iga
760 3475 793 3527 P.

295 3651 314 3706 8
340 3652 430 3707 Motis.
446 3654 554 3717 103,18
577 3652 610 3704 ut
633 3664 744 3718 semper
766 3667 795 3703 se
813 3648 946 3704 mutabili
969 3649 1133 3704 diversitate
1157 3666 1222 3703 cou-

201 3727 307 3790 vertat,
325 3724 360 3791 cf.
377 3723 486 3778 11024.
542 3720 559 3774 8
579 3722 614 3779 cs.
628 3721 667 3774 od
685 3725 764 3789 dm.
839 3719 877 3773 ‘34
893 3721 983 3776 Mara.
997 3724 1107 3787 256,28
1120 3720 1222 3775 acerba

201 3795 419 3852 continuatione
437 3795 590 3865 grassatur,
608 3793 643 3859 cs.
662 3792 701 3845 od
719 3796 764 3859 35,
775 3796 820 3847 59.
874 3820 877 3829 ‹
