3100 4359
304 413 355 467 XX
707 411 912 467 PRAEFATIO

304 584 404 641 uester
421 580 504 640 Haec
521 584 566 640 est
589 599 684 656 poena
708 599 800 656 quam
822 599 876 656 pro
900 580 1030 655 deceptis
1054 579 1222 640 hominibus
1247 579 1319 638 deus

305 672 422 730 statuit.
445 673 482 729 ut
499 670 650 747 perpetuis
669 669 773 728 ardeat
791 669 919 728 fiammis
938 671 991 746 qui
1009 673 1113 728 contre
1131 670 1319 729 uoluntatem

305 761 354 819 dei
384 760 526 820 miserum
557 758 707 818 hominem
738 762 793 818 aut
824 757 942 834 decepit
974 762 1027 817 aut
1057 757 1203 834 perdidit3
1241 757 1318 816 Uolo

304 868 376 908 sane
399 847 557 927 diligenter
578 848 728 924 inquirere
751 846 835 907 cuius
863 848 1014 907 minemae
1041 848 1097 906 hcc
1124 847 1233 907 uolunt
1256 865 1320 906 esse

304 939 435 1015 signum·
482 937 586 996 Plures
628 939 706 995 enim
744 936 896 996 mineruae
937 937 1029 996 fuisse
1065 939 1197 996 constat·
1229 935 1323 1010 nec&

306 1028 415 1102 aliquis
451 1027 543 1086 inista
578 1029 665 1102 parte
701 1025 849 1086 dissentit·
892 1025 1050 1105 Singulare
1086 1027 1190 1102 itaque
1226 1043 1321 1102 genus

304 1117 476 1176 institutum
500 1118 594 1174 ortem
617 1116 863 1191 propositumque
886 1115 1030 1174 dieamus·
1058 1117 1093 1173 ut
1121 1115 1201 1174 exhis
1225 1117 1321 1174 omni·

303 1205 359 1264 bus
381 1205 511 1263 inueniri
537 1205 634 1280 possit
660 1204 827 1280 palladium
852 1205 935 1266 cuius
963 1206 1114 1263 mineruae
1138 1202 1178 1263 sit
1199 1206 1321 1263 nomine

304 1297 521 1368 consecratum,

393 1382 485 1443 Vides
508 1384 588 1442 certo
612 1382 736 1442 consilio
758 1386 794 1440 ut
816 1386 886 1442 ante
909 1383 1036 1442 diximus
1059 1384 1089 1441 et
1111 1382 1321 1442 distinctiones

303 1475 336 1531 et
362 1471 542 1531 maiusculas
572 1488 635 1530 esse
658 1470 831 1548 dispositas,
862 1471 997 1547 quamvis
1024 1472 1322 1550 neglegentissimum

303 1561 353 1621 vel
377 1563 527 1620 auctorem
551 1561 615 1620 eius
630 1559 830 1619 distinctionis
850 1561 895 1619 vel
915 1563 1010 1620 nostri
1027 1560 1185 1619 librarium
1208 1561 1321 1620 codicis

303 1652 337 1709 in
369 1649 560 1710 describendo
597 1649 731 1725 exemplo
769 1649 861 1708 fuisse
898 1651 1051 1725 appareat.
1105 1650 1184 1709 Nam
1215 1649 1322 1710 multis

302 1738 387 1798 vides
410 1739 483 1798 locis
505 1738 558 1797 ubi
575 1741 698 1814 propter
720 1737 885 1798 clausulam
905 1738 1075 1813 postulatur
1097 1738 1322 1798 distinctionem

303 1828 473 1903 desiderari,
496 1846 550 1886 nec
572 1845 641 1886 raro
664 1845 777 1887 errores
800 1828 1000 1902 inveniuntur,
1028 1846 1155 1902 quorum
1179 1828 1321 1904 gravissi-

303 1937 399 1992 mum,
433 1934 501 1975 cum
528 1935 563 1974 ex
591 1916 691 1975 codice
719 1917 750 1974 in
780 1916 939 1975 editionem
965 1915 1130 1993 principem
1158 1915 1321 1993 irrepserit,

304 2005 470 2065 Schefferus
494 2004 612 2063 demum
627 2004 761 2064 correxit.
801 2003 952 2082 Scriptum
970 2006 1049 2064 enim
1073 2010 1119 2064 est
1141 2004 1270 2063 XXVIII
1287 2009 1321 2064 6:

307 2096 460 2154 Tnnentes
497 2097 693 2154 accendentes
730 2095 829 2153 nendos
867 2095 1000 2153 eutecetis
1036 2097 1136 2154 oreon·
1176 2095 1322 2154 sntrnnis

304 2185 425 2244 nestris:
447 2183 592 2257 Incopnc'n'
613 2186 676 2243 tom
697 2184 781 2242 nobis
798 2199 895 2257 poene
921 2186 1014 2242 enoris
1031 2185 1114 2243 nendo
1137 2186 1322 2243 contrnnnit:

304 2273 367 2332 Et.
384 2318 389 2329 .
405 2317 425 2348 .,
449 2272 499 2331 sed
523 2271 744 2332 distinctionem
770 2275 840 2348 post
861 2274 968 2331 nestris
996 2263 1041 2354 (et
1062 2273 1258 2332 maiusculam
1280 2265 1321 2355 I)

305 2360 461 2420 delendam
484 2364 604 2437 etpost
627 2364 727 2420 oceoni
748 2361 916 2438 ponendam
935 2380 998 2421 esse
1021 2366 1053 2420 et
1075 2378 1162 2421 sensu
1185 2365 1216 2420 ct
1238 2363 1322 2422 elcu-

305 2451 371 2510 sula
395 2441 445 2529 (cf.
465 2449 595 2509 Skutsch
618 2450 638 2509 1.
657 2469 681 2510 c.
699 2472 727 2527 p.
748 2443 827 2531 270)
851 2449 1068 2526 comprobatur.
1104 2449 1206 2527 Atque
1228 2453 1322 2510 etium

305 2538 393 2598 XVII
408 2541 426 2597 2
452 2531 554 2621 (quern
572 2539 670 2598 locum
685 2538 813 2598 Skutsch
832 2558 859 2615 p.
877 2540 939 2597 267
960 2531 1142 2620 emendavit)
1162 2539 1322 2600 distinctor

306 2648 341 2686 ex
369 2628 472 2704 aliqua
498 2628 584 2703 parte
612 2628 718 2688 erroris
741 2631 859 2701 auctor,
885 2646 955 2686 nam
978 2630 1020 2689 sic
1043 2629 1199 2704 scriptum:
1233 2629 1323 2690 Mare
1413 2671 1414 2684 ,

305 2721 410 2776 nentes
432 2716 583 2776 enatando
604 2721 765 2790 neptunum
783 2719 841 2776 dici
862 2717 1031 2776 noluerent·
1072 2718 1116 2776 Et
1137 2719 1222 2777 oeteo
1245 2721 1323 2793 qnod

303 2808 424 2867 libenter
445 2807 593 2879 sedebunt
613 2807 807 2865 redolentium
829 2807 955 2864 nonnnc‘s
976 2808 1137 2880 merentes
1161 2807 1323 2866 Terrenum

302 2898 368 2954 nim
389 2913 502 2954 onmem
520 2900 605 2970 atquc
621 2899 775 2953 naturam·
804 2895 891 2954 ditem
915 2898 1032 2968 petrem
1054 2897 1165 2955 dieunt·
1191 2896 1321 2970 Quia...

302 2984 473 3044 Maiuscula
493 2983 679 3057 Nenenene)
699 3002 769 3042 sane
793 3002 888 3042 novae
911 2984 1075 3044 sententiae
1098 2985 1221 3045 initium
1243 2985 1322 3044 indi-

303 3075 368 3147 cet,
396 3072 448 3132 sed
474 3072 556 3133 deest
590 3065 785 3153 distinctic.¹)
838 3072 872 3130 In
909 3091 1024 3132 summe
1051 3077 1153 3133 tamen
1180 3074 1322 3151 prudenti

305 3162 430 3222 consilio
462 3163 528 3220 cola
560 3162 679 3238 quidem
711 3180 827 3237 semper
858 3161 919 3222 fere
955 3165 986 3220 et
1021 3166 1171 3222 commata
1202 3165 1323 3240 saepius

306 3251 449 3311 distincta
472 3268 534 3309 esse
556 3250 661 3330 negari
687 3269 747 3309 non
773 3253 881 3328 potest.
912 3281 950 3292 —
981 3250 1080 3310 Unum
1103 3251 1231 3328 denique
1258 3273 1321 3312 mo·
1412 3251 1413 3264 ¹

305 3340 435 3399 nendum
461 3342 507 3399 est
528 3340 671 3401 interesse
702 3341 782 3399 inter
813 3340 1035 3400 distinctionem
1062 3343 1093 3400 et
1118 3339 1235 3417 periodi
1262 3340 1322 3401 dis·

305 3428 498 3506 positionem,
530 3447 621 3505 quam
648 3448 683 3488 ex
711 3429 853 3488 clausulis
880 3429 1062 3508 colligimus,
1094 3430 1174 3507 quod
1201 3431 1323 3510 singula

397 3653 422 3720 1)
441 3651 473 3704 ln
495 3654 576 3706 textu
599 3650 750 3706 maluimus
773 3652 902 3708 voculam
921 3653 962 3708 Et
983 3654 1078 3708 tenere
1101 3652 1220 3708 lacunae
1238 3653 1322 3723 signo

307 3721 476 3791 anteposito,
494 3725 526 3777 ut
545 3723 641 3780 Et...
656 3725 807 3796 fipnrontee
824 3723 981 3778 membrum
999 3724 1037 3778 sit
1050 3724 1221 3794 respondens
1237 3725 1322 3781 alteri

307 3793 384 3864 quod
402 3793 515 3862 excidit,
535 3812 619 3864 quam
639 3812 702 3850 cum
721 3795 871 3850 Skutschio
890 3795 991 3851 delere.
