3100 4359
307 373 312 380 ’
406 383 455 437 DE
473 384 622 440 ERRORE
639 384 742 439 PROF.
757 384 836 438 Itllb.
857 384 934 439 OAP.
949 384 1000 438 VH
1168 386 1216 448 21.

207 550 270 610 Illic
294 570 360 610 cum
387 554 489 613 amata
515 553 684 614 submersus
707 555 824 631 virgine
853 553 1039 613 miserandae
1061 553 1152 612 matri
1176 553 1212 612 de

208 644 295 699 morte
322 640 403 701 tiliae
431 643 582 701 funestum
615 644 818 719 spectaculum
847 642 993 718 praebuit.
1039 642 1248 704 Henneuscss

207 732 239 786 ut
258 734 377 804 possent
398 734 543 791 maternis
564 731 694 791 luctibus
717 750 752 790 ex
776 732 879 807 aliqua
901 735 986 808 parte
1009 733 1142 790 invenire
1166 749 1211 791 se·

204 820 318 893 hoium,
344 820 507 880 inferorum
530 839 630 899 regem
653 821 801 899 virginem
828 822 963 897 rapuisse
985 820 1159 894 fincxerunt,
1182 822 1213 879 et

181 911 237 968 sut
263 908 335 968 fides
363 908 506 987 figmenta
535 914 716 986 sequeretur,
745 928 838 985 prope
870 908 1032 986 Syracusas
1063 928 1130 968 eum
1159 926 1215 984 per

204 997 293 1055 alium
315 998 413 1057 lacum
437 1017 505 1058 cum
528 1000 644 1078 virgine
672 1001 825 1073 emersisse
852 1001 1011 1059 iactarunt.
1057 1000 1214 1075 Templum

204 1105 269 1145 sane
301 1089 333 1146 et
363 1088 478 1163 raptori
511 1091 542 1146 et
572 1088 684 1167 virgini
716 1092 853 1148 accurate
885 1088 1012 1148 conlatis
1045 1087 1214 1165 sumptibus

204 1174 327 1250 faciant,
360 1180 390 1235 et
419 1196 520 1235 annua
546 1178 579 1235 in
601 1178 714 1253 templo
737 1180 809 1238 vota
832 1178 1001 1237 decernunt.
1048 1177 1106 1236 Sed
1129 1176 1212 1237 nullo

205 1284 305 1342 grume
336 1267 443 1324 matris
475 1266 561 1325 dolor
591 1268 735 1341 vincitur,
766 1286 820 1325 nec
841 1266 995 1325 muliebris
1017 1264 1215 1341 inpatientiae

171 1374 194 1411 m
204 1357 350 1414 tormenta
372 1358 524 1429 curantur,
547 1354 598 1414 sed
616 1356 737 1415 credens
756 1374 825 1414 vere
838 1356 933 1414 filiam
946 1372 1039 1431 prope
1053 1354 1215 1431 Syracusas

204 1461 262 1502 esse
281 1445 388 1517 visam,
411 1444 595 1520 Triptolemo
614 1444 688 1503 duce
706 1444 797 1503 vilico
816 1462 869 1503 suo
887 1444 1040 1503 nocturnis
1058 1443 1215 1502 itineribus

204 1532 239 1590 ad
261 1532 469 1609 Syracusanae
493 1533 625 1593 civitatis
652 1534 725 1593 litus
753 1552 820 1593 cum
847 1533 968 1610 lugubri
990 1534 1072 1593 veste
1096 1551 1132 1591 ac
1153 1550 1215 1592 sor·

203 1621 270 1681 didc
293 1622 433 1698 squalore
455 1624 601 1698 pervenit.
642 1623 705 1683 Nec
727 1622 791 1681 illic
814 1622 909 1681 deluit
932 1624 985 1698 qui
1004 1621 1156 1681 credulam
1179 1620 1215 1678 de

203 1710 424 1771 calamitatibus
460 1712 522 1771 suis
557 1711 677 1771 falleret
710 1714 845 1771 matrem.
901 1711 955 1770 Ait
990 1728 1022 1770 se
1057 1710 1212 1770 Pandarus
1228 1721 1276 1771 (⁸8)

166 1800 298 1861 rinescio
322 1803 376 1876 qui
398 1800 508 1860 vidisse
531 1819 590 1858 non
614 1802 701 1879 longe
725 1820 743 1860 a
765 1800 906 1876 Pachyno
936 1818 1042 1859 navem
1065 1803 1216 1876 raptorem

202 1888 370 1949 ascendisse
388 1908 454 1947 cum
472 1890 597 1967 uirgine.
632 1890 814 1950 Persuasum
832 1892 878 1948 est
895 1890 1015 1949 mulieri
1037 1908 1113 1965 quae
1136 1888 1215 1965 qued

201 1979 336 2053 quolibet
368 1996 474 2055 genere
505 1980 607 2038 vivere
638 1979 732 2038 filiam
765 1978 905 2055 cupiebat
937 1978 1054 2052 audire,
1091 1978 1216 2037 infinitis

201 2067 285 2127 donis
303 2070 477 2126 remunerat
495 2067 657 2127 civitatem.
690 2066 871 2144 Syracusani
887 2068 1070 2127 liberalitate
1083 2068 1216 2128 mulieris
1235 2082 1251 2130 ὃ

200 2158 365 2232 provocati,
386 2151 391 2234 Ι
409 2160 530 2233 raptum
553 2158 680 2234 virginis
703 2160 889 2232 consecrant,
918 2160 948 2217 et
969 2156 1143 2233 mitigantes
1166 2156 1307 2219 ‹lo-saar

165 2246 292 2305 solarem
323 2246 428 2305 matris
466 2264 607 2322 pompam
645 2245 748 2305 miseri
785 2245 898 2306 funeris
937 2246 1075 2304 excolunt
1106 2246 1217 2305 honore

201 2336 391 2413 templorum.
434 2335 492 2394 Sed
514 2354 569 2395 nea
590 2336 647 2394 hoc
670 2335 782 2394 sufficit
800 2335 899 2409 matri,
922 2334 973 2395 sed
996 2352 1118 2394 ascensa
1142 2353 1217 2394 nave

200 2444 252 2500 per
273 2426 435 2503 peregrina
457 2424 549 2483 litora
575 2424 670 2482 filiam
693 2426 820 2500 quaerit.
862 2423 912 2483 Sic
938 2423 1078 2483 fiuctibus
1104 2428 1217 2501 tempe-

201 2514 389 2590 statibusque
407 2514 532 2573 iactata'
557 2513 595 2572 ad
608 2514 730 2573 Atticae
748 2513 830 2572 urbis
849 2514 945 2573 locum
964 2514 1109 2589 pervenit.
1150 2513 1219 2572 Illic
1252 2546 1255 2553 ·

200 2603 333 2680 hospitio
347 2606 467 2678 recepta
479 2602 599 2663 incolis'
622 2602 810 2681 incognitum
834 2601 929 2662 adhuc
947 2604 1081 2661 triticum
1101 2602 1217 2662 dividit.

166 2691 298 2751 ssLecus
327 2710 363 2749 cx
385 2693 486 2767 patria
515 2695 545 2751 et
570 2712 605 2751 ex
635 2691 765 2751 adventu
794 2692 928 2751 mulieris
957 2710 1063 2751 nomen
1094 2694 1218 2769 accepit,

291 2824 437 2879 declaciu
454 2824 581 2879 lnfercrri
594 2827 628 2880 P.
692 2826 756 2880 bd.
771 2833 836 2881 aute
853 2842 941 2895 prope
959 2825 1023 2880 add.
1087 2823 1216 2879 dlacum

201 2899 238 2952 H.
253 2898 409 2952 Widmaaa
426 2898 470 2951 De
486 2896 558 2951 Gaio
576 2898 664 2951 Vettio
683 2899 818 2967 Aquiliae
840 2898 959 2951 Iaoeaco
981 2897 1114 2951 carminis
1137 2914 1219 2952 caan»

165 3022 176 3037 ,
201 2971 302 3039 peliaci
314 2975 397 3037 poeta
415 2975 441 3022 st
458 2968 562 3038 Verpili
580 2970 725 3035 imitatore,
744 2969 820 3023 Deba.
838 2969 984 3023 Vratislav.
1001 2972 1082 3034 1905,
1100 2968 1174 3023 lbos.
1194 2974 1218 3034 1,

201 3043 232 3095 ci.
244 3042 300 3096 Oia.
312 3038 550 3105 Verr.114,107.·
567 3040 631 3093 locd
650 3040 683 3095 P.
738 3040 868 3093 mersisse
882 3041 916 3107 P,
930 3040 1035 3094 eraFl.
1103 3039 1141 3094 10
1159 3039 1219 3092 filia

202 3112 305 3166 ..nisa
323 3112 357 3167 P.
420 3108 458 3164 lo
477 3111 553 3179 quod
567 3110 695 3179 quolibet
708 3128 758 3166 aas
766 3129 821 3180 pro
836 3110 1014 3179 quoquolib&
1028 3111 1135 3165 codicis
1151 3109 1220 3179 quia

204 3184 252 3251 Oe,
280 3184 328 3237 aad
355 3183 431 3252 quod
458 3184 635 3247 iam19,16
658 3187 735 3250 (uate
758 3181 920 3253 qu[atenus]
945 3190 975 3236 at
997 3182 1072 3249 bicl)
1101 3184 1132 3235 ia
1162 3198 1217 3249 quo

202 3262 362 3323 ccrnsptam
376 3261 415 3308 est
427 3260 452 3308 et
465 3254 586 3308 causalis
599 3256 802 3309 coniunctionis
815 3272 916 3308 manas
928 3256 1015 3308 seaiea
1028 3254 1084 3307 obit
1094 3257 1218 3321 (22,1.2.

203 3333 244 3393 41,
255 3333 282 3381 5,
312 3330 357 3392 70,
366 3328 412 3380 22.
426 3328 470 3379 23.
501 3330 545 3393 79,
555 3329 594 3393 8).
633 3326 745 3379 Halmii
764 3326 899 3394 quoniam
914 3328 960 3392 (=
975 3328 1043 3394 qud)
1066 3331 1140 3379 stare
1162 3342 1219 3378 aaa

198 3405 295 3465 potest,
313 3415 337 3450 v.
352 3398 410 3451 iad.
484 3396 521 3450 18
540 3396 622 3450 donis
636 3399 693 3463 Bo,
712 3396 787 3450 dotis
800 3399 829 3451 P
847 3395 1150 3465 (pertimescimus),
1169 3396 1220 3449 do-

203 3469 279 3523 tibus
293 3469 341 3524 Fi
423 3467 459 3522 21
479 3469 505 3523 d.
516 3487 547 3537 p.
561 3468 647 3521 matri
665 3469 730 3522 add.
819 3466 856 3521 28
875 3469 900 3522 d.
912 3486 942 3536 p.
957 3466 1064 3521 iactata
1081 3466 1146 3520 add.

203 3539 240 3595 25
263 3541 374 3596 Nemea
395 3539 511 3593 Eleusin
533 3540 655 3610 inteilepc
678 3539 878 3605 conformatam
902 3556 955 3594 essa
977 3556 1012 3593 ea
1034 3540 1123 3592 iteca·
1141 3543 1167 3591 ct
1185 3554 1221 3592 aa

204 3612 338 3685 [ll]enna,
356 3612 430 3680 quad
447 3611 581 3680 oppidum
599 3614 681 3665 etiam
699 3610 795 3663 Hinna
812 3612 894 3666 cocat
915 3618 961 3664 tur
980 3610 1081 3677 (CILI
1096 3612 1171 3676 530).
1214 3656 1219 3667 .

293 3717 331 3772 la
349 3720 383 3786 cf.
399 3721 491 3784 47,12
508 3724 533 3772 et
552 3717 643 3772 Mota.
660 3722 721 3783 160,
734 3717 772 3772 24
795 3716 845 3785 qui
928 3714 1105 3785 squaloribus
1129 3714 1222 3767 sordi:

203 3790 312 3857 dentur,
332 3806 366 3844 ac
382 3790 487 3844 similia
505 3790 625 3858 saepiae,
642 3805 666 3842 v.
684 3790 735 3843 Mo
752 3793 798 3843 24.
1217 3791 1219 3803 '
