3100 4359
334 379 378 443 58
681 376 819 431 I'IItMIOI
835 376 1005 431 Marusio

334 548 496 621 oraculum,
519 565 571 605 noc
594 545 763 605 homiuibus
787 564 817 605 se
839 550 908 622 post
930 547 1057 605 mortem
1084 548 1120 605 ut
1142 546 1202 605 sibi
1219 544 1353 605 credere

333 639 385 694 tur
416 636 554 695 ostendit.
600 635 693 694 Nulla
724 635 813 694 buius
844 638 943 712 operis
975 635 1153 693 documenta
1184 636 1354 711 praemisit,

334 742 388 785 nec
407 744 437 784 sc
455 725 512 785 hoo
529 725 679 784 facturum
697 743 760 784 esse
783 723 1028 801 praecedentibus
1050 726 1231 783 monstravit
1255 743 1353 783 exem·
1407 748 1408 807 p

300 814 401 890 uplis.
434 814 552 873 Idolum
570 814 686 890 sepelis,
708 813 824 873 idolum
846 813 975 890 plangis,
996 813 1112 873 idolum
1133 813 1170 872 de
1194 814 1354 888 sepultura
1407 808 1408 837 ³

331 903 470 980 proferis,
502 907 533 962 et
563 906 653 962 miser
685 921 752 962 oum
783 903 857 962 haec
887 902 992 961 feceris
1024 902 1143 981 gaudes.
1191 903 1238 960 Tu
1264 902 1355 961 deum
1379 920 1388 958 e

334 996 421 1052 tuum
443 991 562 1065 liberas,
585 996 619 1050 tu
641 994 773 1051 iacentia
795 991 905 1068 lapidis
927 991 1060 1051 membra
1082 994 1235 1067 conponis,
1254 995 1291 1051 tu
1310 993 1355 1049 in·

334 1080 474 1140 sensibile
498 1083 621 1159 corrigis
645 1100 757 1140 saxum.
795 1080 864 1140 Tibi
887 1083 961 1157 agat
983 1083 1097 1159 gratias
1120 1081 1193 1139 deus
1214 1084 1301 1154 tuus,
1327 1084 1357 1139 te

334 1169 458 1246 paribus
481 1174 648 1230 remuneret
670 1170 765 1245 donis,
788 1173 819 1228 te
838 1172 887 1230 sui
905 1171 980 1229 velit
999 1188 1061 1229 esse
1079 1171 1270 1245 participem.
1307 1169 1358 1229 Sic

301 1262 474 1320 imoriaris
497 1263 532 1319 ut
552 1262 688 1333 moritur,
711 1262 753 1318 sic
776 1262 861 1319 vivas
884 1267 919 1318 ut
941 1261 1026 1319 rivIt.
1063 1259 1142 1317 Nam
1165 1260 1247 1333 quod
1273 1259 1359 1318 olore

335 1351 560 1425 perunguentur
581 1351 691 1422 fauces,
718 1351 787 1424 quis
810 1368 870 1407 non
896 1350 1013 1407 facinus
1035 1348 1120 1407 istud
1140 1348 1281 1424 dispecta
1305 1368 1356 1408 va·
1372 1366 1391 1404 n

244 1467 260 1479 ’ν
335 1440 430 1529 gitate
454 1436 665 1514 contempnat?
695 1438 794 1497 Habet
817 1456 887 1513 ergo
910 1437 1047 1497 diabolus
1071 1437 1196 1495 christos
1219 1456 1304 1513 suos
1330 1442 1359 1495 et
1409 1464 1410 1513 4

230 1549 324 1597 neser
338 1529 409 1603 quia
431 1530 496 1604 ipse
519 1527 712 1587 antichristus
735 1529 781 1585 ost
804 1526 842 1585 ad
868 1528 1026 1585 infamiam
1045 1520 1050 1604 l
1070 1528 1198 1585 nominis
1222 1529 1275 1585 sui
1303 1530 1360 1585 mi·

335 1634 415 1676 seros
447 1617 581 1675 homines
614 1616 758 1675 scelerata
789 1617 930 1675 societate
962 1615 1107 1691 perducit.
1157 1615 1360 1693 Unguentum

334 1706 390 1765 lroc
417 1724 536 1764 reserva
562 1708 705 1765 mortuis·
724 1723 844 1765 reserva
870 1706 1038 1780 morituris,
1065 1706 1101 1763 ut
1128 1722 1202 1781 quos
1233 1706 1361 1781 laqueis
1410 1754 1411 1773 2

334 1797 396 1854 tuis
428 1796 550 1871 ceperis,
582 1813 632 1853 eos
665 1797 811 1853 venenato
843 1796 995 1871 unguento
1028 1794 1137 1853 obIItoe
1164 1794 1294 1871 lugubri
1327 1815 1361 1854 ac
1374 1812 1392 1851 ιε

335 1884 452 1943 funesto
476 1902 593 1960 semper
614 1901 731 1959 mergus
754 1885 855 1943 exitio.

424 1972 533 2032 XXIII.
555 1972 650 2031 Aliud
673 1974 719 2033 est
741 1974 928 2049 unguentum
950 1972 1031 2047 quod
1058 1971 1130 2030 deus
1153 1974 1240 2048 pater
1267 1978 1361 2033 unico

335 2062 462 2121 tradidit
488 2062 560 2140 filio,
587 2061 667 2138 quod
694 2061 773 2120 filius
801 2060 987 2121 credentibus
1015 2061 1119 2120 divina
1146 2063 1284 2121 numinis
1316 2066 1363 2122 sui

335 2153 492 2211 maiestate
519 2153 656 2228 largitur.
703 2151 816 2211 Christi
842 2152 1027 2227 unguentum
1054 2150 1220 2209 immortali
1242 2169 1361 2229 conpo-

336 2242 444 2300 sitione
477 2241 644 2315 conficitur,
678 2245 709 2300 et
740 2239 926 2317 spiritalibus
957 2240 1181 2315 pigmentorum
1212 2240 1363 2303 odoribus
1376 2260 1396 2297 n

336 2334 528 2407 temperatur.
568 2330 635 2389 Hoc
657 2331 844 2408 unguentum
868 2348 887 2387 a
908 2327 1086 2387 mortalibus
1109 2328 1225 2403 laqueis
1247 2336 1363 2405 putres

335 2419 493 2478 hominum
516 2423 598 2479 artus
621 2419 711 2492 exuit,
734 2422 768 2476 ut
787 2418 904 2493 sepulto
923 2419 1020 2493 primo
1044 2417 1180 2475 homine·
1196 2437 1231 2477 ex
1250 2420 1364 2481 eodem
1412 2420 1413 2431 ¹

337 2510 442 2567 statim
468 2508 588 2566 homine
615 2508 703 2565 homo
732 2507 809 2566 alius
836 2507 954 2565 felicius
982 2509 1128 2565 nascatur.
1176 2506 1217 2565 Et
1238 2512 1280 2567 ut
1304 2510 1364 2569 hoc
1412 2506 1413 2591 l

336 2598 524 2657 manifestius
557 2597 728 2672 explicetur,
761 2614 911 2655 sacrarum
944 2595 1105 2654 lectionum
1138 2614 1247 2657 arcana
1284 2618 1362 2674 pan·
1412 2600 1413 2627 ¹

302 2686 433 2745 udenda
455 2688 535 2745 sunt.
580 2685 634 2744 Ait
656 2688 734 2744 enim
758 2685 858 2745 David
880 2688 915 2743 ut
936 2684 1024 2743 huius
1048 2687 1196 2761 unguenti
1223 2690 1362 2763 gratiam
1377 2704 1413 2741 u¹

336 2775 479 2834 traderet:
513 2768 721 2850 ‘speciosus
754 2774 869 2833 forma
900 2792 986 2850 prae
1017 2772 1113 2833 filiis
1146 2774 1364 2851 hominum,

426 2960 465 3015 sc
484 2963 531 3017 ru.
545 2965 589 3029 44,
600 2964 680 3015 3-9.

427 3104 445 3158 2
463 3103 593 3175 premisit
609 3102 670 3157 Nec
689 3106 721 3158 P.
795 3102 813 3156 5
832 3102 964 3173 proferis:
983 3102 1196 3170 eficd.50,14.
1234 3105 1364 3173 proferis

338 3176 373 3241 de
392 3175 538 3245 sepultura
556 3175 602 3230 Slc.
674 3174 774 3229 Ituus
793 3174 832 3228 Te
847 3177 880 3230 P.
954 3175 1047 3243 equo
1067 3174 1160 3228 dolora
1181 3178 1214 3242 P,
1233 3194 1283 3230 ern.
1302 3178 1363 3239 Ba.

375 3248 387 3300 i
404 3249 487 3302 ctiam
506 3247 582 3314 quod
597 3245 682 3299 odore
695 3248 849 3314 proposuit,
864 3247 936 3316 qood
945 3247 1081 3314 praetulit
1096 3247 1153 3300 Hc.
1228 3247 1267 3300 lo
1288 3250 1316 3302 d.
1327 3269 1361 3319 p.

337 3265 434 3373 Iduoes
449 3318 514 3372 odd.
565 3316 698 3386 despecta
712 3318 771 3371 cdd.
788 3325 851 3373 cote
866 3319 922 3372 Ha.
962 3317 998 3370 13
1013 3317 1143 3386 perducit
1156 3316 1314 3389 Unguentii
1325 3324 1362 3376 P.

373 3391 420 3444 dd.
430 3407 460 3457 p.
477 3389 514 3443 15
533 3388 641 3461 ceperis
661 3390 712 3455 (sic
730 3391 767 3457 P)
787 3396 812 3443 et
830 3389 868 3442 20
887 3388 1033 3443 conficitur
1051 3395 1076 3443 et
1099 3387 1137 3443 24
1155 3388 1316 3458 explicetur
1334 3402 1363 3449 et

340 3460 378 3516 26
396 3460 542 3515 hominum
561 3461 625 3514 cdd.
706 3460 743 3514 25
762 3462 829 3513 sunt
846 3460 895 3514 Ait
909 3463 942 3515 P.

430 3620 468 3676 le
488 3622 579 3677 Molle.
593 3626 638 3689 21,
647 3625 686 3675 28
704 3620 815 3690 providi
828 3620 951 3674 numinis
970 3638 1003 3675 uc
1022 3620 1134 3673 divinus
1152 3620 1320 3677 maiestatis.

341 3692 378 3747 ll)
399 3694 491 3749 Mart.
506 3694 580 3760 me
597 3693 731 3747 societate
749 3691 877 3762 largitur.
946 3691 984 3747 20
1005 3692 1096 3747 Most.
1113 3694 1172 3758 143,
1184 3696 1218 3747 14
1236 3693 1361 3748 odorum

339 3765 493 3835 pigmenta.
566 3762 605 3819 24
623 3766 658 3832 cs.
673 3764 711 3818 ad
727 3767 828 3832 26,25.
