3100 4359
319 386 384 446 XIV
717 393 926 448 PRAEFATIO

269 602 271 607 ‚
319 559 604 634 lardosanctus,
628 562 718 621 Jescs
740 564 770 619 et
792 558 856 630 ait,
880 557 930 621 wil
952 580 1007 638 pro
1030 565 1131 631 costi,
1155 565 1242 622 castrt
1265 568 1339 639 cet.;

319 643 396 707 orites
427 650 476 708 rel
508 646 576 708 dces
606 669 661 726 pro
693 669 791 709 camd
823 654 877 711 cet.
911 681 953 692 -
987 649 1113 727 Singula
1154 652 1245 710 verba
1277 655 1341 712 rite

319 737 502 812 dividuntur,
531 738 590 798 nisi
621 738 701 815 quod
727 741 963 816 praepositiones
995 741 1170 816 plerumque
1200 759 1268 800 cum
1293 760 1339 802 se·

319 829 423 903 quenti
446 827 581 903 qualibet
602 846 674 887 voce
698 829 876 904 copulantur
899 829 1097 904 similiterque
1120 829 1287 905 particulae
1313 836 1342 892 et

319 919 350 975 et
372 933 408 974 oc
422 907 544 996 (oque).
572 916 800 977 substantivum
818 918 1035 977 animaduersio
1057 936 1173 994 semper
1191 920 1337 995 seriptum

319 1007 364 1064 est
386 1007 468 1064 onim
490 1004 632 1064 adversio.

265 1101 308 1160 §3
409 1093 467 1153 Sed
488 1094 562 1154 hacc
589 1098 623 1154 ut
650 1095 700 1153 vix
726 1099 893 1155 memoratu
921 1097 1012 1174 digna
1038 1096 1169 1155 breviter
1196 1097 1337 1174 attigisse

319 1183 458 1242 sufficiat.
504 1182 684 1244 Accuratius
707 1185 744 1243 de
767 1185 1006 1244 distinctione
1030 1177 1093 1266 (vel
1120 1187 1156 1244 ut
1179 1203 1231 1244 nos
1256 1205 1337 1244 nune

319 1271 416 1330 dicere
441 1274 645 1332 consuevimus
678 1272 714 1332 de
746 1265 1000 1354 interpunctione)
1034 1274 1142 1332 codicis
1176 1275 1336 1351 agendum.

319 1359 354 1418 ln
378 1379 444 1420 eam
468 1361 598 1420 animum
623 1363 775 1421 attendere
794 1365 845 1421 vix
869 1381 1068 1439 coeperamus,
1088 1382 1155 1421 eum
1175 1363 1214 1421 ad
1237 1367 1335 1423 certas

319 1449 400 1527 leges
424 1469 490 1508 eam
513 1469 576 1510 esse
602 1452 773 1511 institutam
800 1453 1011 1528 perspeximus.
1064 1451 1158 1526 Quae,
1185 1471 1223 1510 ne
1250 1453 1337 1530 longi

318 1540 420 1615 simus,
443 1540 531 1614 plane
546 1557 612 1598 curn
635 1541 673 1598 iis
687 1543 885 1614 consentiunt,
909 1541 948 1600 ad
971 1557 1044 1617 quas
1060 1540 1192 1599 Terentii
1215 1541 1335 1602 fabulas

318 1628 464 1702 quasdam
495 1629 527 1685 in
559 1629 659 1688 codice
690 1628 836 1689 Bembino
874 1649 892 1689 a
923 1629 1041 1689 Joviale
1074 1633 1241 1689 correctore
1269 1649 1335 1690 esse

317 1716 475 1776 distinctas
498 1717 676 1779 Robertus
695 1719 813 1778 Kauer
835 1719 936 1778 docuit
957 1720 990 1777 in
1012 1719 1167 1795 praeclara
1186 1735 1334 1778 commen-

316 1806 432 1864 tatione
455 1825 533 1882 quae
556 1806 730 1866 inscribitur
759 1802 814 1866 ‘Za
839 1803 959 1866 Terena'
984 1809 1015 1865 in
1039 1802 1173 1866 ‘Wiener
1195 1804 1334 1868 Studien'

316 1893 402 1952 XXII
423 1896 463 1954 56
484 1915 547 1970 sqq.
569 1894 685 1955 Ibidem
704 1916 731 1972 p.
746 1898 788 1955 86
808 1898 939 1956 ostendit
958 1915 1007 1956 eas
1026 1896 1229 1975 distinguendi
1251 1896 1334 1976 leges

317 1983 435 2042 easdem
453 2002 516 2044 esse
535 2003 611 2059 quae
630 1984 726 2044 adhuc
739 1985 770 2043 in
786 1986 922 2045 omnibus
940 1986 978 2044 iis
997 2003 1071 2062 quas
1089 2004 1143 2045 nos
1157 1980 1332 2046 ‘Romanas’

317 2072 443 2132 dicimus
459 2074 570 2150 linguis
593 2073 624 2131 in
647 2092 703 2132 usu
725 2079 804 2133 sunt.
843 2073 940 2143 Quam
957 2073 1163 2152 distinguendi
1183 2075 1334 2134 rationem

315 2161 480 2221 rectissime
498 2157 762 2242 ‘psychologicam'
781 2165 954 2240 appellavit,
972 2183 1040 2223 cum
1057 2167 1160 2223 nostra
1182 2164 1201 2222 i.
1216 2182 1240 2223 e.
1260 2162 1333 2223 Ger·

315 2269 471 2310 manorum
510 2254 588 2310 ratio
628 2252 831 2331 distingarendi
868 2254 982 2329 logicae
1022 2255 1095 2312 artis
1128 2254 1207 2331 leges
1240 2271 1333 2328 quam

316 2344 415 2416 potest
438 2341 666 2418 diligentissime
690 2342 774 2418 sequi
798 2339 923 2401 studeat.
970 2343 1005 2400 Id
1029 2343 1108 2400 enim
1131 2360 1185 2402 nos
1208 2361 1332 2418 operam

316 2429 429 2504 murus,
452 2432 488 2488 ut
511 2431 604 2508 signis
628 2431 771 2506 appositis
790 2432 986 2508 grammatica
1008 2433 1027 2488 i.
1047 2449 1086 2507 a,
1109 2432 1134 2490 si
1158 2432 1331 2490 summatim
1417 2495 1418 2508 χ

316 2517 413 2577 dicere
440 2520 511 2580 licet
538 2519 681 2596 neglectis
708 2520 836 2597 singulis
868 2520 1057 2596 quibusdam,
1089 2520 1187 2598 logica
1214 2521 1332 2595 periodi

316 2611 469 2667 structura
505 2627 595 2683 quam
632 2608 845 2668 dilucidissime
877 2609 1053 2668 illustretur.
1104 2608 1231 2668 Romani
1259 2627 1330 2668 vero

315 2697 476 2772 eorumque
495 2697 591 2757 adhuc
608 2700 774 2774 progenies,
790 2695 966 2774 ubicumque
979 2700 1012 2757 in
1025 2697 1186 2757 recitandis
1199 2698 1331 2773 periodis

313 2788 511 2846 interstitium
533 2787 700 2862 intercedit,
722 2786 765 2844 ibi
784 2779 1012 2868 distinguunt.¹)
1050 2785 1136 2856 Quod
1153 2787 1331 2862 priusquam
1417 2785 1418 2792 ’

314 2877 457 2951 exemplis
470 2895 506 2934 ex
519 2875 647 2935 llirmico
662 2876 790 2951 sumptis
804 2877 1026 2950 comprobetur,
1042 2875 1171 2934 alterum
1185 2875 1330 2952 quiddam
1417 2897 1418 2914 ¹

313 2963 560 3024 monendum'est.
589 2963 661 3023 (lum
680 2966 759 3023 enim
772 2964 935 3024 rhetoricas
950 2983 1012 3024 esse
1031 2964 1234 3042 distinguendi
1247 2964 1329 3043 leges
1417 2963 1418 2986 t

315 3055 503 3130 exploratum
522 3055 571 3128 sit,
588 3054 650 3112 iam
663 3056 749 3129 patet
761 3055 1034 3113 coniunctissimam
1053 3071 1115 3114 esse
1130 3071 1199 3112 cum
1212 3056 1329 3113 ratione
1417 3057 1418 3120 Τ

310 3141 518 3219 distinguendi
546 3144 636 3200 etiam
665 3143 865 3201 clausularum
892 3143 1142 3218 disponendarum
1171 3144 1328 3202 rationem.
1417 3131 1418 3144 ¹

405 3296 429 3363 1)
449 3293 489 3348 of.
505 3309 577 3362 quae
597 3293 731 3350 Norden
749 3294 780 3347 in
794 3293 946 3349 ‘domment
962 3294 999 3348 ad
1012 3295 1095 3366 Verg.
1110 3295 1179 3350 Aen.
1190 3294 1229 3348 VI
1242 3295 1329 3365 (Lips.
1417 3291 1418 3362 l

313 3368 394 3434 1903)
409 3365 529 3434 append.
543 3363 600 3418 114
620 3365 857 3434 ‘interpunktion’
874 3369 910 3435 (p.
925 3369 1076 3436 err-381)
1091 3367 1126 3421 de
1146 3366 1329 3420 distinetione
1417 3369 1418 3436 l

314 3436 443 3490 codicum
457 3437 633 3504 quorundam
643 3436 761 3507 Vergilii
776 3437 939 3506 explicavit3
956 3437 1063 3491 ibidem
1076 3456 1103 3507 p.
1115 3443 1166 3491 464
1182 3439 1216 3492 de
1231 3439 1328 3493 codice
1417 3441 1418 3452 ¹

314 3505 446 3561 Leidensi
464 3513 498 3561 28
518 3525 539 3560 s.
553 3507 592 3562 IX
610 3508 728 3572 monuit,
751 3509 781 3560 in
805 3525 860 3577 quo
879 3507 989 3562 Horatii
1013 3508 1137 3562 earmina
1156 3509 1271 3563 easdem
1291 3509 1327 3563 ad

313 3575 390 3647 legas
414 3576 550 3632 distincta
568 3581 634 3632 sunt
651 3578 843 3633 subscribente
862 3579 1009 3647 Mavortio,
1027 3597 1051 3634 v.
1067 3579 1098 3634 Ο.
1118 3579 1249 3634 Kelleri
1269 3580 1328 3634 edi·

313 3648 399 3703 tionis
417 3649 470 3703 vol.
485 3649 512 3704 I'
529 3668 557 3718 p.
571 3649 649 3704 XXV
662 3649 747 3720 (Lips.
764 3655 856 3720 1899);
875 3649 1011 3705 nonnulla
1029 3651 1115 3705 etiam
1134 3651 1170 3705 ad
1185 3651 1329 3706 distincti·
1417 3709 1418 3726 q

314 3737 395 3774 onem
421 3722 594 3791 pertinentia
620 3722 799 3776 inveniuntur
830 3723 860 3776 in
887 3721 1011 3776 Nordeni
1038 3721 1110 3776 libro
1137 3721 1200 3777 ‘Die
1228 3723 1328 3779 antike
1417 3743 1418 3758 ¹

314 3792 500 3862 Knnstprosa'
521 3791 606 3862 (lips.
623 3799 701 3863 1898,
718 3812 745 3863 p.
762 3799 812 3846 952
833 3798 861 3847 et
881 3793 949 3848 alibi
966 3811 991 3847 v.
1007 3794 1084 3864 ind).
