3100 4359
372 381 422 436 Du
440 381 589 440 ERRORE
606 381 711 438 PROI'.
724 382 804 437 REL.
824 382 901 437 OAP.
917 382 1031 437 XXVIII
1167 384 1209 447 Il')

192 554 344 629 genteos
374 554 409 611 et
439 570 566 610 eureos
597 554 632 609 et
661 546 825 629 ligneos?
871 551 967 610 Addit
996 552 1088 611 stium
1110 554 1142 609 in
1166 570 1209 611 se·

192 641 354 717 quentibus
386 645 422 699 ut
444 659 560 700 omnem
588 640 806 700 dubitationem
829 640 1039 716 trepidationis
1062 642 1209 701 excutiat:

192 725 327 806 ‘Supra
350 748 478 805 corpus
507 729 583 790 eius
611 732 646 789 et
669 733 778 805 ceput
799 728 958 790 volitent
986 732 1153 790 noctuae·
1176 734 1211 790 et

190 819 420 879 hirundines·
447 822 478 877 et
509 837 591 878 eves
624 818 811 878 similiter:
843 819 934 878 unde
966 820 1093 879 scietis
1127 822 1210 896 quin

166 928 260 971 enon
285 910 369 967 sunt
391 908 451 967 dii.
483 908 561 966 Non
583 926 666 987 ergo
688 908 890 969 timueritis
914 927 985 969 ecs:
1008 928 1133 968 eurum
1155 912 1211 968 est

191 997 290 1073 quod
317 997 414 1057 circs
440 1015 476 1056 se
498 996 632 1055 hebent
654 997 698 1056 ed
715 999 890 1073 speciem,
917 998 989 1058 nisi
1013 998 1131 1075 aliqui
1154 1018 1209 1057 ex·

190 1086 346 1147 terserit
364 1087 575 1163 aeruginem
593 1105 661 1145 non
680 1086 849 1163 fulgebit
882 1087 1004 1163 Neque
1024 1087 1114 1146 enim
1135 1106 1210 1146 cum

191 1175 452 1236 conflabuntur
488 1174 703 1235 sentiebant.
759 1175 881 1236 Pretio
918 1176 1029 1252 empti
1061 1180 1144 1237 sunt
1177 1178 1210 1235 iu

191 1264 504 1341 quibusspiritus
526 1268 679 1339 nonest,
703 1266 780 1324 sine
799 1264 949 1341 pedibus
970 1260 974 1342 Ι
994 1267 1031 1324 in
1053 1264 1318 1325 humerisfow

155 1348 410 1431 reportentur?
447 1352 542 1412 Addit
564 1353 655 1413 etism
676 1358 711 1413 ut
729 1354 905 1414 confirmate
927 1372 1009 1415 mens
1033 1355 1141 1414 fortius
1163 1374 1210 1415 ro·

190 1444 331 1503 boretur:
355 1438 535 1503 ‘Scientes
558 1442 682 1519 itsqne
706 1463 745 1503 ex
768 1444 824 1503 his
848 1444 932 1519 quie
955 1463 1023 1503 non
1043 1448 1125 1504 sunt
1146 1444 1211 1521 dii,

189 1553 232 1592 ne
264 1534 466 1597 timueritis
498 1527 577 1601 eos’
616 1533 657 1591 Et
678 1536 715 1591 ut
740 1532 928 1593 secerdotum
947 1552 1050 1593 eorum
1067 1535 1210 1593 miserum
1224 1546 1282 1595 (1²⁵)

190 1621 322 1681 dedecus
346 1625 506 1682 monstret·
532 1621 630 1682 addit:
657 1618 712 1681 ‘Iu
744 1622 908 1681 domibus
941 1641 1061 1682 eorum
1093 1640 1211 1682 secer-

190 1712 296 1771 dotes
315 1711 441 1770 sedent
458 1710 631 1771 hebentes
650 1712 794 1771 tunicas
816 1710 950 1771 scisses
974 1714 1009 1770 et
1031 1711 1154 1788 cupite
1177 1715 1212 1771 et

151 1800 324 1864 rebsrbss
346 1819 462 1874 reses,
485 1820 634 1875 quorum
657 1802 781 1877 capite
803 1800 898 1859 uude
920 1804 1012 1859 sunt.
1051 1801 1212 1878 Rugiunt

191 1892 312 1948 autem
345 1889 545 1949 clamantes
577 1892 703 1949 contre
735 1889 819 1949 deos
851 1908 933 1951 suos
966 1892 1062 1949 sicut
1088 1892 1125 1948 in
1152 1910 1211 1967 ge-

189 1980 310 2038 henne
337 1974 491 2039 mortui?
537 1977 622 2046 Quod
650 1981 752 2038 sutem
780 1981 809 2037 et
835 1998 920 2056 reges
948 1981 979 2038 et
1006 1982 1109 2057 gentes
1139 1980 1246 2039 husos

190 2067 230 2126 de
262 2067 336 2144 ipsis
363 2067 589 2143 pronuntiaturi
615 2071 698 2142 sunt,
730 2069 756 2125 is
784 2068 863 2127 idem
890 2069 1038 2143 prophete
1065 2087 1212 2147 praesaga

189 2175 266 2217 voce
294 2157 457 2235 significet,
486 2158 531 2216 cit
554 2157 645 2216 enim:
672 2151 836 2216 ‘Scietur
857 2160 985 2232 postes
1009 2160 1093 2233 quie
1116 2158 1212 2217 false

150 2249 278 2313 coeunt
309 2246 480 2323 gentibus
511 2247 693 2305 universis
725 2248 761 2305 et
792 2245 954 2322 regibus,
986 2249 1070 2323 quia
1099 2248 1212 2305 mani·

191 2338 327 2397 festum
351 2341 405 2395 est
428 2338 515 2412 quie
537 2354 607 2395 non
630 2338 714 2395 sunt
736 2335 801 2407 dii,
829 2338 864 2393 et
886 2336 1027 2396 nullum
1048 2336 1105 2395 dei
1123 2355 1211 2413 opus

192 2429 250 2484 est
263 2425 301 2483 in
314 2427 413 2501 ipsis.
445 2425 573 2501 Regem
589 2424 734 2501 regioni
752 2444 823 2483 non
837 2424 1082 2500 suscitabunt,
1097 2444 1211 2500 neque

191 2514 356 2590 pluriam
377 2514 584 2573 hominibus
602 2512 745 2572 debunt.
780 2513 958 2573 Iudicium
981 2532 1120 2590 quoque
1143 2534 1212 2575 non

192 2604 417 2677 discernent,
440 2622 553 2678 neque
571 2602 754 2681 regionem
773 2602 982 2663 liberabunt
1002 2603 1044 2664 eb
1062 2604 1211 2681 iniuria,

152 2692 284 2768 equis
314 2692 407 2752 nihil
440 2695 600 2767 possunt.
649 2692 694 2750 Et
726 2711 803 2751 oum
834 2691 1009 2752 inciderit
1039 2694 1076 2750 in
1109 2690 1211 2752 domo

191 2781 340 2841 deornm
368 2780 570 2858 ligneorum
603 2783 637 2839 et
660 2780 915 2839 inauratorum
945 2785 980 2840 et
1001 2783 1211 2859 inargenta-

191 2874 312 2930 torum
329 2871 440 2947 ignis‚
460 2870 668 2930 secerdotes
686 2870 835 2929 illorum
854 2870 1122 2945 liberabuntur,
1140 2868 1212 2946 ipsi

191 2964 314 3020 eutem
341 2961 437 3018 siout
464 2959 585 3018 trebes
613 2958 650 3016 in
677 2960 792 3019 medio
820 2959 1071 3019 conburentur.
1123 2958 1212 3037 Regi

193 3052 315 3109 autem
347 3052 383 3107 et
413 3049 510 3108 bello
543 3067 612 3108 non
643 3048 827 3109 resistent.
874 3048 1053 3118 Quomodo
1086 3048 1211 3109 existi·

284 3234 357 3291 ssu
371 3240 489 3292 21-25.
598 3236 635 3291 11
654 3238 690 3292 u.
705 3242 752 3293 es.
863 3236 899 3291 ls
918 3239 952 3292 sc.
968 3242 1050 3306 eosq.

194 3308 231 3363 rs
251 3309 287 3362 se.
303 3311 420 3361 so-or.

284 3486 418 3540 deorum
433 3503 485 3555 pro
503 3485 564 3539 eius
583 3487 631 3542 Bu
645 3489 703 3543 Ha.
772 3486 941 3541 lsimiliter
960 3487 1010 3559 <et
1028 3487 1122 3540 cattus
1164 3485 1213 3540 Bu

193 3576 227 3614 ex
247 3557 345 3612 LXX.
435 3558 452 3612 5
472 3556 548 3611 enim
563 3576 617 3627 pro
635 3562 679 3613 cst
696 3561 745 3613 Bu
759 3560 886 3628 Humi
904 3558 964 3612 eius
983 3560 1086 3613 esseio
1149 3573 1212 3612 coo·

194 3630 282 3685 tendit
299 3630 391 3683 mmo
408 3645 461 3698 quo
477 3634 580 3698 pacto).
683 3630 836 3701 lemgind
855 3633 888 3687 P.
980 3628 1213 3683 8c0nflebuntnr

194 3699 359 3754 sentiebunt
373 3701 406 3766 P,
424 3717 473 3755 em.
488 3701 552 3767 Bu;
570 3700 768 3755 conflabuntur
782 3704 849 3769 (sic).
865 3701 988 3755 sentient
1002 3700 1052 3755 Fl.
1127 3700 1163 3754 18
1182 3700 1213 3753 id

189 3789 245 3842 pro
262 3772 288 3825 is
308 3772 352 3827 sk.
429 3770 467 3825 28
486 3771 586 3841 plubid
605 3775 637 3828 P.
