3100 4359
703 420 719 480 s
738 420 755 468 e
1151 393 1237 469 'xvu

221 582 378 643 attributis
400 584 554 642 vocativus
578 585 714 661 augetur,
736 602 847 644 novum
867 584 953 642 colon
971 582 1085 644 factmn
1103 583 1237 644 clausula

222 676 393 730 exornatur.
435 669 479 732 Of.
498 671 573 730 VIII
593 675 609 731 1
636 673 708 748 Quis
725 690 778 731 eos
795 673 898 732 caduci
915 673 1044 731 homeres
1063 665 1236 754 (mes)

222 766 250 820 et
268 779 325 834 per
348 762 409 819 dies
431 762 562 834 nomios
579 779 692 820 anemo
710 764 763 821 deo
781 763 876 820 curtis
895 763 1049 835 ueneritne
1067 763 1237 822 rebellantes

222 841 454 931 (.υῡῡ-υ--ῡ),
477 850 518 908 ad
538 851 591 910 hoe
605 898 612 911 .
628 898 655 911 ..
678 851 765 910 Adde
788 850 859 908 XIX
879 841 939 931 1.¹)

314 939 344 1000 5.
368 937 538 999 Sententiae
555 939 704 1019 longiores
726 941 759 999 in
780 942 897 999 minora
914 939 1047 999 membra
1065 939 1240 1000 dividunum

221 1031 257 1086 in
289 1027 439 1088 clausulas
469 1028 654 1103 rhythmicas
684 1028 834 1104 cadentia
866 1031 902 1088 ut
924 1029 1066 1104 ornusque
1089 1033 1239 1089 structura

224 1120 256 1176 et
286 1116 442 1194 dispositio
472 1118 672 1194 commendat,
702 1117 755 1176 sed
778 1118 833 1177 hcc
863 1117 1034 1193 saepissime
1063 1119 1240 1178 observatur

226 1204 416 1265 substantiva
433 1224 501 1266 cum
518 1206 790 1283 praepositionibus
809 1209 924 1266 structa
942 1207 1083 1266 clausulis
1102 1207 1238 1266 formatis

225 1315 245 1354 a
267 1294 382 1354 ceteris,
397 1295 529 1355 eiusdem
542 1297 691 1354 enuntiati
704 1295 845 1356 membris
860 1295 995 1371 discerni,
1018 1297 1102 1356 velut
1124 1296 1156 1354 H
1175 1299 1192 1354 2
1211 1343 1238 1356 ..

225 1389 253 1444 et
264 1401 322 1458 per
343 1401 441 1444 ames
469 1384 536 1442 Nili
563 1386 697 1457 meanis
726 1388 809 1458 ripae
832 1376 949 1466 (.υ..ῡ)
983 1388 1084 1445 miseri
1112 1386 1240 1458 eorporis

221 1473 406 1547 paenuria
418 1474 549 1532 menbra
561 1475 693 1548 proiecit.
720 1473 752 1532 H
771 1477 791 1532 5
808 1520 813 1531 .
830 1520 835 1532 .
852 1520 858 1532 .
873 1479 906 1533 ret
924 1492 958 1534 ee
975 1476 1042 1548 ipsa
1059 1492 1116 1547 per
1134 1479 1240 1533 onnes

225 1563 415 1622 mamilae
442 1564 587 1622 cicatrices
617 1554 735 1644 (.c..0)
762 1564 943 1622 amentius
969 1565 1134 1623 homiuibus
1161 1564 1241 1623 sela

225 1653 301 1710 teas
322 1652 437 1710 samem
457 1653 601 1725 metue
620 1654 650 1711 et
671 1655 735 1711 tam
753 1652 849 1712 multa
872 1653 933 1711 alia
951 1657 1021 1712 sunt
1039 1654 1184 1728 exempla,
1205 1654 1241 1710 ut

224 1739 316 1816 plura
338 1739 387 1798 hic
410 1739 572 1799 emoribere
594 1741 722 1802 taedeat
767 1742 831 1800 Nec
853 1741 1136 1818 praetermittendae
1159 1741 1239 1801 deni·

225 1847 284 1904 que
308 1831 474 1907 structurae
497 1828 702 1905 participiales
726 1821 776 1910 (cf.
803 1830 925 1890 Norden
942 1830 962 1890 1.
978 1848 1001 1889 e.
1016 1851 1044 1906 p.
1061 1832 1124 1889 378
1149 1824 1241 1910 adn),

225 1935 304 1993 quae
327 1918 390 1975 sive
413 1917 539 1977 ablativi
561 1922 631 1977 sunt
649 1918 782 1977 absoluti
805 1919 867 1978 eive
889 1921 1051 1995 participia
1074 1919 1241 1994 coniuncte,

225 2024 281 2082 per
312 2024 343 2064 se
375 2006 433 2066 coli
463 2008 528 2066 viee
560 2007 647 2085 iringi
678 2008 880 2084 clausulisque
914 2008 995 2067 finiri
1018 2010 1126 2083 solent,
1159 2008 1242 2067 velut

225 2094 364 2154 116...
387 2097 581 2155 quentiorum
602 2114 669 2155 vero
697 2114 763 2155 ouen
789 2100 890 2171 fruces
914 2098 1051 2171 enerues
1082 2102 1176 2156 terroe
1198 2098 1241 2169 fo·

226 2187 322 2243 mento
344 2189 494 2258 conceptae
517 2175 661 2266 (-ῡ..ῡ)
688 2204 792 2246 monuo
818 2204 923 2245 rursus
946 2188 1089 2260 coeperint
1104 2203 1242 2258 procree-

227 2275 305 2332 tioue
324 2275 468 2346 emereri.
513 2273 560 2332 III
580 2276 598 2333 3
615 2318 621 2332 .
637 2320 666 2333 ..
685 2276 736 2334 sed
757 2276 810 2334 tor
833 2277 897 2349 epis
923 2280 956 2334 eet
984 2277 1092 2334 menois
1120 2275 1243 2334 locatos

227 2365 384 2435 occupatus
407 2353 559 2443 (mmm)
582 2365 673 2423 vitaer
694 2382 807 2438 suuper
835 2366 936 2438 supine
958 2369 1078 2424 mortem
1100 2365 1243 2436 reperiens.

227 2450 303 2509 XIII
323 2454 408 2511 1...
428 2455 462 2509 ut
490 2456 517 2510 et
544 2453 632 2511 huius
661 2456 761 2526 inepte
789 2455 951 2528 frupiIe'tate
979 2454 1087 2513 ἀπαθέα
1118 2444 1244 2534 (mou)

228 2541 270 2599 ed
291 2541 423 2599 veniatis
445 2541 597 2600 exordium
614 2544 821 2602 mediocritate
843 2547 960 2602 nostroe
978 2560 1071 2602 sermo
1090 2546 1243 2601 reuocetur.

318 2628 375 2688 His
393 2629 514 2705 quidem
531 2629 663 2690 breviter
681 2630 832 2690 adnotatis
856 2632 956 2707 potius
976 2650 1065 2706 quarn
1086 2632 1245 2708 diligenter

227 2718 392 2793 exploratis
410 2749 455 2759 -
472 2719 615 2794 quoniam
636 2720 741 2779 fusius.
757 2720 793 2778 de
816 2736 850 2778 eo
875 2722 1050 2798 argumento
1073 2738 1161 2798 agere
1184 2738 1245 2777 non

228 2809 277 2866 em
297 2807 387 2866 huius
410 2807 478 2881 loci,
501 2807 553 2866 sed
570 2807 766 2868 fundamenta
784 2811 903 2868 tantum
916 2808 1060 2883 iacienda,
1083 2811 1120 2868 ut
1141 2811 1245 2868 nostra

228 2897 263 2954 in
284 2895 341 2954 hac
363 2895 494 2955 ediiione
516 2896 722 2976 distinguendi
750 2899 829 2956 ratio
853 2901 883 2957 et
906 2901 1071 2974 exponatur
1093 2900 1125 2956 et
1147 2897 1244 2956 defen·

228 2985 320 3043 datur
341 2985 468 3044 —iam
490 2988 575 3062 patet
599 3005 664 3045 eam
690 2986 882 3062 periodorum
904 2987 1142 3062 diminutionem,
1170 3004 1246 3062 quae

228 3074 373 3134 clausulis
400 3073 543 3149 efficium,
575 3075 698 3134 eandem
727 3094 802 3148 esse,
831 3096 893 3152 qua
920 3076 1048 3136 Ioviales
1075 3078 1108 3134 iu
1135 3074 1245 3134 fabulis

229 3162 420 3222 Terentianis
438 3182 509 3223 usus
528 3166 582 3238 est,
605 3167 697 3240 atque
720 3164 801 3224 omni
826 3184 861 3224 ex
881 3166 966 3242 parte
985 3167 1099 3224 utiam
1118 3163 1246 3223 diximus

228 3254 380 3312 consentit
410 3252 506 3330 ipsius
527 3251 661 3312 Palatini
692 3253 802 3314 codicis
835 3254 996 3316 diiunctio.
1052 3254 1114 3314 Neo
1145 3257 1247 3313 tamen

322 3511 348 3578 1)
368 3508 408 3565 Of.
424 3513 547 3580 (praeter
564 3510 707 3566 Kauerum
725 3511 744 3566 1.
760 3528 784 3566 c.
799 3531 826 3582 p.
843 3518 875 3566 si
885 3530 947 3582 sqq.
962 3515 991 3567 et
1009 3513 1171 3567 Nordenum
1189 3511 1208 3566 l.
1224 3529 1246 3566 c.

227 3600 259 3652 p.
275 3586 327 3634 378
346 3582 421 3651 ada)
458 3583 506 3636 Fr.
527 3581 637 3652 Sylla,
661 3582 722 3648 Qua
744 3584 855 3638 ratione
879 3587 979 3654 poetae
1002 3587 1108 3639 veteres
1127 3583 1248 3638 Romani

228 3653 262 3706 in
284 3651 447 3708 hexametro
471 3670 569 3708 sensus
595 3654 780 3709 interstitium
805 3655 1010 3723 collocaverint,
1044 3653 1158 3709 Vratisl
1179 3661 1247 3708 laos

228 3723 305 3779 Dies.
320 3724 425 3795 inaug„
444 3727 507 3780 sent
529 3727 616 3779 contr.
630 3726 655 3780 I:
676 3725 914 3812 ‘Veteres‘neque
932 3729 998 3781 ante
1016 3743 1107 3795 neque
1123 3728 1188 3794 post
1201 3742 1248 3778 vo-

229 3795 357 3850 cativum
375 3798 471 3850 nostro
490 3813 565 3851 more
584 3796 812 3868 interpunctione
830 3817 875 3852 uu
895 3799 980 3852 eunt?

284 3904 399 3944 lecns
413 3905 531 3945 Matexnns
545 3904 579 3945 ed.
594 3906 716 3955 Zlegler.
1026 3925 1028 3934 ¹
1068 3886 1088 3939 b
