3100 4359
335 374 376 436 74
503 424 550 439 „
676 372 816 429 nmmos
833 374 1002 441 unrnmu

221 550 319 604 soraev
334 544 365 599 et
392 543 472 617 quod
499 544 565 600 erat
591 541 710 601 salubre
738 542 930 616 monstravit,
951 537 955 619 l
976 563 1013 603 ne
1040 545 1158 622 fragilis
1186 546 1344 605 etcaduca

298 631 503 689 amortalitas
530 631 562 688 in
585 632 711 690 exitium
738 650 826 690 sunm
848 636 1034 710 mortemque
1057 637 1240 710 properaret.
1286 635 1345 693 Hoc

333 719 413 779 idem
442 722 476 779 in
502 719 631 779 Psalmis
659 723 836 795 praemonet
865 721 988 796 spiritus
1019 726 1152 783 sanctus:
1182 724 1346 783 invenimus

334 810 413 868 enim
441 811 474 867 in
501 810 617 885 psalmo
646 809 806 868 centesimo
834 810 984 871 tricesimo
1013 816 1043 871 et
1070 816 1190 889 quarto·
1220 814 1266 871 ita
1288 831 1346 871 esse

300 971 302 976 .
332 897 544 974 perscriptum:
582 892 701 958 ‘Idola
736 901 899 975 gentium
936 905 1126 979 argentum
1159 905 1194 961 et
1227 922 1386 961 aurumi

333 1006 421 1061 opus
439 1006 604 1046 manuum
621 988 809 1046 hominum.
842 986 888 1047 Os
906 990 1040 1049 habent
1057 994 1093 1049 et
1110 1010 1179 1051 non
1198 991 1352 1067 loquun-

301 1141 303 1146 ,
333 1079 405 1150 tur,
430 1078 552 1136 oculos
575 1076 709 1136 habent
732 1080 767 1136 et
784 1096 853 1137 non
871 1078 1009 1155 vident,
1032 1099 1136 1140 aures
1159 1080 1296 1139 habent
1317 1084 1350 1139 et

333 1184 403 1224 non
422 1166 589 1225 audiunt:
608 1186 722 1242 neque
741 1166 834 1225 enim
853 1170 907 1226 ost
926 1169 1079 1244 spiritus
1098 1170 1209 1228 inore
1224 1188 1352 1233 eorum·

262 1261 320 1311 (124)
336 1254 479 1314 Similes
511 1258 594 1313 sunt
621 1255 699 1315 illis
731 1256 792 1331 qui
819 1257 961 1315 faciunt
994 1255 1052 1318 ea'
1101 1258 1134 1317 Si
1161 1258 1273 1317 artifex
1299 1257 1351 1334 qui

334 1344 372 1401 ad
387 1346 618 1404 ostentationem
631 1345 760 1424 ingenii·
780 1345 970 1405 simulacrum
989 1350 1043 1406 aut
1057 1348 1183 1424 sculpsit
1196 1351 1249 1407 ant
1265 1348 1353 1421 trudit,
1366 1367 1391 1407 io

333 1432 436 1492 divina
464 1433 615 1493 maledicti
642 1433 900 1494 animadversione
922 1438 1102 1511 percutitur,
1130 1436 1204 1513 quid
1231 1456 1352 1513 sperare

333 1522 442 1582 debeat
465 1522 712 1583 considerandum
735 1526 793 1599 est,
823 1526 875 1599 qui
898 1525 978 1600 quod
1004 1526 1081 1585 alter
1103 1526 1241 1585 vendidit
1265 1527 1353 1585 deum

297 1611 415 1671 4dioit
460 1612 626 1672 Hieremias
654 1613 745 1671 etiam
775 1631 843 1671 oum
865 1616 1025 1690 praecepta
1048 1615 1248 1675 deoiubente
1271 1615 1354 1691 plebi

333 1702 431 1776 daret,
462 1702 519 1760 hae
545 1701 690 1777 populum
717 1704 852 1761 oratione
880 1704 1031 1763 convenit:
1065 1700 1203 1763 ‘Dicite
1231 1709 1354 1763 antem

332 1790 369 1849 in
409 1790 513 1850 eorde
549 1794 683 1849 restro:
720 1790 791 1850 tibi
828 1796 973 1867 oportet
1013 1794 1164 1852 adorare
1200 1794 1392 1853 dominare

331 1880 493 1958 Angelus
526 1883 644 1939 autem
676 1888 773 1939 meus
806 1881 991 1941 vobiscum
1023 1886 1090 1955 est,
1122 1884 1202 1960 lege
1231 1887 1355 1943 autem

332 1970 518 2044 exquiram
557 1971 695 2028 animas
738 1972 888 2029 vestras.
946 1969 1087 2049 Lingua
1131 1991 1251 2032 eorum
1291 1992 1354 2048 po-

332 2060 403 2118 lita
416 2054 477 2136 (a)
491 2058 608 2135 fabro,
626 2060 706 2134 ipsa
729 2060 839 2117 etiam
861 2060 1033 2119 inaurata
1056 2064 1091 2119 ot
1113 2064 1356 2139 inargentata

332 2149 427 2207 falsa
473 2151 556 2207 sunt
601 2150 636 2206 et
680 2166 756 2207 non
799 2152 951 2223 possunt
999 2150 1107 2225 loqui.
1167 2150 1213 2209 ut
1253 2154 1357 2210 sicut

333 2239 472 2316 virgini
506 2240 671 2295 ornatum
704 2240 841 2296 amanti
873 2242 1021 2314 accepto
1054 2257 1140 2297 auro
1172 2240 1394 2302 fabricatin

332 2331 416 2386 sunt
443 2344 594 2387 coronas
623 2344 732 2402 supra
759 2328 882 2401 capita
909 2327 1054 2387 deorum
1082 2347 1236 2387 snorum.
1288 2330 1357 2388 ‘nst

333 2419 452 2475 autem
480 2415 622 2491 quando
655 2415 870 2475 subtrahent
898 2417 1104 2477 sacerdotes
1131 2434 1151 2475 a
1178 2417 1247 2477 diis
1279 2420 1358 2478 suis

332 2523 455 2565 aurum
474 2507 510 2564 et
526 2508 716 2582 argentum
734 2508 770 2564 et
785 2508 936 2584 erogant
954 2506 1048 2565 illud
1061 2508 1098 2566 in
1112 2510 1224 2566 semet
1236 2507 1358 2583 ipsos3

332 2594 469 2653 dabunt
497 2594 606 2653 etiam
634 2614 673 2651 ex
699 2595 778 2669 ipso
802 2585 845 2653 et'
858 2596 1075 2670 prostitutis
1097 2594 1358 2656 meretricibus

333 2688 533 2760 ornantque
560 2682 646 2743 illos
669 2683 710 2742 ut
732 2684 893 2743 homines
916 2686 1159 2760 vestimentis,
1187 2685 1271 2744 deos
1296 2706 1356 2745 ar·
1371 2709 1395 2751 re

421 2871 439 2925 t
459 2873 506 2926 Pe.
521 2874 582 2938 134,
592 2875 708 2926 15—18.
791 2869 828 2925 14
847 2889 887 2941 ep.
902 2873 982 2928 Hier.
993 2876 1039 2940 (=
1049 2873 1165 2928 Bucact
1178 2877 1240 2941 αδ)
1250 2878 1358 2931 5-10,

422 2996 530 3049 ofiani
543 3013 597 3065 pro
616 2998 681 3049 sunt
702 3003 797 3051 temere
816 2997 864 3051 Ba
878 2998 928 3051 Ha
947 3014 980 3051 ex
999 2998 1096 3065 LXX,
1119 2998 1178 3053 coll.
1194 3000 1277 3069 supr.
1293 3006 1358 3056 test.

333 3069 440 3122 11159
462 3075 488 3121 et
505 3069 582 3136 aptot.
602 3068 639 3121 ad
661 3069 781 3123 Fortun.
797 3070 821 3122 1.
931 3069 969 3123 10
988 3070 1034 3123 dd.
1048 3087 1079 3139 p.
1098 3068 1206 3139 ingenii
1227 3077 1252 3124 et
1274 3070 1359 3127 fudit

332 3139 396 3193 odd.
488 3138 596 3209 ingenii
619 3146 669 3193 aut
691 3145 723 3194 at
745 3142 873 3195 creticum
896 3148 947 3194 ant
964 3140 1059 3193 -onem
1076 3140 1190 3211 ingenii
1207 3143 1358 3213 leocritiam

333 3227 387 3265 esse
409 3218 498 3264 mona
521 3210 565 3265 st.
657 3210 694 3264 la
717 3211 834 3265 iuuenta
853 3214 887 3278 P,
905 3229 953 3265 em.
968 3213 1020 3267 Fl.
1112 3212 1149 3265 lt
1168 3214 1195 3267 d.
1207 3230 1237 3283 p.
1254 3218 1358 3275 vestro

333 3282 398 3336 odd.
491 3280 528 3334 16
551 3281 626 3352 Lege
643 3284 709 3336 aute
727 3283 844 3351 exquiri
868 3281 1015 3337 abanimas
1034 3286 1102 3337 uias
1122 3286 1162 3339 P:
1179 3283 1272 3355 legem
1292 3290 1357 3342 aut.

333 3370 414 3420 exqu.
429 3352 465 3405 ab
485 3353 633 3407 animabus
656 3352 756 3407 vestris
774 3355 831 3409 Fl:
854 3370 907 3424 ego
931 3355 988 3409 aut.
1009 3371 1089 3423 exqu.
1109 3354 1219 3409 animas
1241 3360 1358 3412 vestras

333 3426 382 3478 Ba
396 3424 446 3477 Ha
465 3441 498 3478 esc
515 3425 612 3479 LXX.
677 3424 714 3478 18
734 3424 795 3497 (a)
815 3426 872 3480 Ba.
927 3425 966 3479 20
983 3426 1090 3496 uirgini
1107 3425 1224 3481 hortatu
1243 3432 1358 3484 amanti

333 3511 467 3564 accepero
482 3497 516 3562 P,
534 3513 582 3551 cm.
597 3498 654 3551 Ba.
674 3496 806 3564 (hortatu
825 3497 948 3550 amantis
968 3500 1084 3567 accepto
1103 3498 1167 3565 Pl).
1233 3498 1271 3552 aa
1291 3516 1359 3553 ero-

333 3566 442 3637 gabunt
460 3566 510 3620 Fl.
525 3585 559 3622 ec
576 3568 674 3634 LXX,
692 3570 757 3622 dem
775 3568 813 3623 25
833 3569 1035 3637 ornabuntque.

424 3691 440 3746 1
461 3694 551 3747 Maca.
566 3697 640 3759 20,AE
657 3693 768 3763 fragilis
783 3696 812 3749 et
826 3694 934 3748 caduca
953 3735 976 3750 ..
991 3694 1159 3748 mortalitas.
1180 3696 1216 3761 cf.
1232 3699 1297 3763 197,
1305 3701 1356 3753 24.

378 3767 446 3817 224.
518 3761 856 3833 nonannoeane
874 3769 926 3822 Mo
939 3769 986 3821 aa.
