3100 4359
395 355 443 411 ΒΕ
461 355 609 412 ERRORE
627 355 731 411 PROP.
746 356 825 412 ΗΕΒ.
846 356 922 412 (th.
936 357 1036 410 II-lll
1201 359 1219 422 7

211 527 351 587 versionis
374 524 519 586 exitium?
555 525 633 594 Quid
660 526 828 586 errantibus
855 525 1025 589 hominibus
1053 529 1083 584 et
1105 527 1220 604 simpli-

211 618 282 676 citer
302 635 425 693 peccare
448 616 647 691 cupientibus·
678 615 715 674 de
737 617 829 676 sacris
852 617 913 676 tuis
936 617 1049 674 malum
1071 619 1219 677 monstras

210 704 395 782 exemplum?
426 706 554 782 Physica
577 707 655 764 ratio
674 723 765 780 quam
783 703 867 780 dicis,
890 705 949 764 alio
973 724 1079 783 genere
1098 707 1174 765 celet
1213 751 1218 764 .

209 795 287 864 Quid
314 800 416 854 autem
442 796 533 854 calari
564 796 699 871 apertuit
726 794 807 869 quod
830 787 834 872 Ι
857 793 993 854 omnibus
1022 793 1306 855 noeumwesrrsowv

181 883 265 944 aGur
295 886 441 962 plangitis
471 885 593 961 fruges?
634 882 695 942 Gur
724 885 919 942 recrescentia
946 883 1066 959 lugetis
1084 880 1218 944 semina?

205 974 252 1031 Ad
274 975 476 1034 substantiam
489 973 604 1051 generis
621 974 758 1031 humani·
782 973 971 1032 haecomnia
989 972 1092 1036 divina
1109 976 1218 1036 summi
1237 968 1253 1018 ⁸

204 1062 251 1122 dai
279 1063 462 1123 liberalitate
492 1063 602 1122 donata
630 1065 706 1122 sunt.
757 1061 899 1139 Agendae
927 1063 998 1119 sunt
1025 1079 1139 1120 summo
1161 1063 1218 1123 dec

204 1153 319 1228 gratiae
341 1156 465 1229 propter
487 1153 552 1226 hoc,
574 1170 628 1211 nec
651 1156 696 1210 est
721 1153 832 1209 summi
861 1151 910 1210 dei
931 1150 1062 1227 lugenda
1083 1151 1217 1230 largitis

203 1241 317 1302 Deflete
336 1245 438 1318 potius
457 1241 539 1317 qnod
557 1242 673 1315 erratis,
692 1244 722 1300 et
741 1258 870 1299 errorem
887 1241 1021 1300 vestrum
1038 1244 1216 1316 restauratis

167 1349 319 1408 asemper
341 1331 470 1390 luctibus
497 1330 639 1408 plangite.
689 1329 792 1388 Nolite
820 1329 927 1388 annuis
954 1331 1046 1388 sacris
1075 1349 1216 1404 quaerere

201 1421 290 1480 funus
318 1421 457 1480 alienum.
512 1419 628 1478 Vestris
660 1420 761 1494 potius
787 1417 940 1478 funeribus
973 1423 1078 1494 parate
1106 1420 1216 1479 solacia

201 1529 253 1584 per
280 1529 376 1570 annos
402 1509 545 1587 singulos
595 1507 620 1567 0
649 1511 740 1568 miser
768 1508 858 1566 homo
884 1507 1031 1567 invenisse
1058 1512 1088 1567 te
1116 1510 1251 1572 nescios

202 1599 273 1674 quid
295 1599 419 1676 gaudes,
441 1617 508 1657 cum
527 1599 659 1656 animam
677 1600 762 1656 tuam
785 1614 822 1654 ex
843 1597 910 1656 istis
932 1597 1024 1656 sacris
1040 1617 1100 1672 ,per
1112 1617 1216 1658 annos

202 1689 335 1765 singulos
354 1687 469 1763 perdas.
506 1687 591 1746 Nihil
610 1687 672 1746 illic
694 1685 812 1746 invenis
838 1686 897 1767 nisi
920 1687 1112 1746 simulacrum
1136 1688 1215 1762 quod

164 1796 188 1834 rs
201 1776 261 1851 ipse
283 1777 422 1854 posuisti,
453 1779 513 1836 nisi
544 1776 625 1852 quod
656 1778 765 1834 iterum
798 1778 851 1834 aut
880 1793 1005 1850 quaeras
1029 1779 1081 1837 aut
1102 1777 1215 1853 lugeas

201 1864 316 1933 Quaere
339 1869 439 1942 potius
459 1885 542 1942 spem
560 1865 675 1945 salutis,
699 1883 808 1940 quaere
827 1865 980 1924 exordium
998 1865 1082 1938 lucis,
1106 1884 1215 1940 quaere

200 1956 278 2030 quod
301 1960 332 2015 te
355 1975 471 2015 summo
494 1955 550 2014 dec
565 1969 571 1981 ·
587 1958 640 2014 aut
664 1953 850 2014 commendet
874 1956 928 2012 aut
948 1953 1067 2029 reddat,
1095 1958 1125 2014 et
1148 1973 1215 2016 cum

200 2063 300 2104 veram
323 2047 404 2104 viam
428 2045 534 2104 salutis
557 2043 719 2104 inveneris·
752 2043 859 2121 gaude,
887 2046 916 2102 et
937 2046 1011 2103 tunc
1034 2048 1215 2109 erectaser-

199 2135 293 2193 monis
316 2134 457 2193 libertate
476 2133 642 2209 proclama:
673 2129 840 2211 εὑρήκαμεν
863 2131 1068 2211 συγχαίρομεν,
1091 2151 1158 2192 cum
1178 2133 1214 2192 ab

165 2221 243 2282 schis
280 2223 505 2282 calamitatibus
536 2226 606 2298 post
642 2221 859 2297 paenitentiam
895 2223 979 2280 tuam
1022 2224 1131 2281 summi
1166 2223 1214 2282 dei

200 2312 290 2372 fucris
313 2312 503 2390 indulgentia
525 2311 677 2371 liberatus.

285 2419 342 2478 ΙΠ.
374 2419 507 2497 Phryges
540 2418 592 2494 qui
624 2418 803 2479 Pessinunta
839 2418 987 2476 incolunt
1021 2419 1099 2477 circa
1132 2417 1214 2478 Galli

199 2507 328 2569 fluminis
347 2510 438 2584 ripas,
455 2511 553 2567 terrae
568 2511 733 2568 ceterorum
746 2508 960 2566 elementorum
977 2505 1114 2566 tribuunt
1132 2510 1213 2584 prin·

200 2597 344 2673 cipatum,
372 2600 403 2656 et
429 2598 506 2656 hanc
532 2597 638 2657 volunt
665 2599 798 2656 omnium
827 2613 890 2655 esse
917 2587 1051 2655 matrem.
1098 2597 1213 2657 Deinde

166 2700 187 2741 ss
200 2690 232 2744 ut
254 2691 284 2746 at
307 2687 367 2763 ipsi
391 2706 523 2745 annuum
546 2686 604 2746 sibi
627 2705 781 2747 sacrorum
804 2685 937 2744 ordinem
962 2686 1101 2762 facerent,
1125 2687 1212 2746 muli-

200 2777 255 2836 sris
285 2777 389 2835 divitis
419 2794 455 2836 ac
484 2777 604 2854 reginae
634 2795 706 2835 suae
735 2793 866 2834 amorem
890 2794 966 2849 quae
996 2774 1093 2835 fastus
1118 2779 1211 2835 amati

199 2864 393 2925 adulescentis
417 2867 573 2941 tyrannice
595 2866 694 2924 voluit
717 2865 830 2938 ulcisci,
860 2882 926 2922 cum
950 2864 1079 2924 luctibus
1104 2866 1210 2924 annuis

199 2957 414 3029 consecrarunt,
444 2958 474 3014 et
503 2957 538 3013 ut
567 2956 640 3014 satis
669 2956 767 3012 iratae
790 2952 910 3012 mulieri
932 2953 1072 3028 facerent,
1103 2957 1155 3012 aut
1176 2958 1211 3013 ut

200 3046 363 3117 paenitenti
386 3044 530 3103 solacium
554 3045 739 3120 quaererent,
767 3061 856 3119 quem
879 3041 971 3118 paulo
995 3044 1064 3100 ante
1088 3043 1210 3119 sepelie-

285 3231 349 3286 sd.
364 3233 428 3286 aad.
501 3231 565 3286 td.
575 3238 640 3302 post
658 3231 729 3284 dicis
748 3231 813 3285 add.
886 3228 992 3284 4notd
1011 3232 1044 3285 P.
1118 3229 1211 3286 dCur

199 3304 380 3357 recrescentia
392 3306 427 3370 P,
445 3305 480 3370 cf.
495 3304 563 3358 ΗΜ
572 3308 630 3359 276
637 3325 647 3369 ;
670 3302 764 3370 lrugcs
783 3305 880 3356 terrae*
894 3304 922 3355 et
941 3317 977 3356 cr.
989 3319 1033 3371 pr.
1098 3319 1150 3358 coac
1167 3302 1209 3356 lu·

200 3373 268 3438 getis
289 3377 405 3443 fortasse
427 3382 459 3430 ut
481 3377 594 3430 creticus
617 3375 742 3445 legenda,
769 3375 804 3440 cs.
824 3375 862 3428 ad
883 3378 929 3439 25,
944 3379 968 3428 4.
1065 3374 1129 3429 dd.
1144 3375 1208 3428 add.

200 3440 339 3513 lpotius·
358 3448 392 3502 P.
460 3446 500 3501 10
518 3445 632 3515 Semper
651 3448 683 3500 P.
753 3445 790 3498 13
809 3447 836 3498 d.
846 3464 876 3515 p.
891 3443 998 3515 gaudes
1017 3445 1082 3499 add.
1096 3445 1133 3500 su
1152 3447 1208 3514 (ne-

201 3514 296 3568 sci0=
306 3518 370 3588 -c?)
436 3518 472 3572 15
490 3517 564 3571 nihil
577 3517 653 3586 quod
669 3518 714 3583 Oe,
728 3517 801 3570 nihil
814 3516 870 3570 nisi
885 3516 960 3585 quod
975 3518 1025 3571 Ha
1038 3516 1210 3572 dubitanter:

198 3602 343 3656 perperam
418 3590 452 3643 17
468 3591 494 3644 d.
505 3595 570 3660 post
583 3589 635 3643 deo
650 3590 725 3655 add,
738 3606 762 3644 a.
773 3590 865 3658 praef.
880 3589 900 3658 §
915 3593 939 3642 3..
1014 3586 1051 3641 18
1066 3591 1159 3642 erecta
1174 3588 1208 3642 P.

204 3666 237 3718 19
259 3671 483 3726 (ΥΝΧΕΡΟΜΕΝ
507 3672 541 3724 Ρ.
669 3668 706 3723 22
730 3667 916 3723 rnssrutmui
938 3670 969 3722 P.
1098 3669 1123 3722 d.
1144 3674 1208 3723 autc

203 3737 270 3793 circa
287 3743 351 3798 add.
