<?xml version="1.0" encoding="UTF-8"?>
<!DOCTYPE html PUBLIC "-//W3C//DTD XHTML 1.0 Transitional//EN"
    "http://www.w3.org/TR/xhtml1/DTD/xhtml1-transitional.dtd">
<html xmlns="http://www.w3.org/1999/xhtml" xml:lang="en" lang="en">
 <head>
  <title>
</title>
<meta http-equiv="Content-Type" content="text/html;charset=utf-8" />
  <meta name='ocr-system' content='tesseract 3.04.00' />
  <meta name='ocr-capabilities' content='ocr_page ocr_carea ocr_par ocr_line ocrx_word'/>
</head>
<body>
  <div class='ocr_page' id='page_1' title='image "./iulifirmicimate00zieggoog_0073.png"; bbox 0 0 3100 4359; ppageno 0'>
   <div class='ocr_carea' id='block_1_1' title="bbox 394 416 1191 482">
    <p class='ocr_par' dir='ltr' id='par_1_1' title="bbox 394 416 1191 482">
     <span class='ocr_line' id='line_1_1' title="bbox 394 416 1191 482; baseline 0 -11"><span class='ocrx_word' id='word_1_1' title='bbox 394 416 443 471; x_wconf 82' lang='lat' dir='ltr'><strong>DE</strong></span> <span class='ocrx_word' id='word_1_2' title='bbox 461 416 610 472; x_wconf 81' lang='lat' dir='ltr'>ERRORE</span> <span class='ocrx_word' id='word_1_3' title='bbox 628 416 731 472; x_wconf 79' lang='lat' dir='ltr'><strong>PROP.</strong></span> <span class='ocrx_word' id='word_1_4' title='bbox 746 418 826 473; x_wconf 82' lang='lat' dir='ltr'>REL.</span> <span class='ocrx_word' id='word_1_5' title='bbox 847 417 924 473; x_wconf 81' lang='lat' dir='ltr'><strong>eAP.</strong></span> <span class='ocrx_word' id='word_1_6' title='bbox 939 418 978 471; x_wconf 93' lang='lat' dir='ltr'><strong>VI</strong></span> <span class='ocrx_word' id='word_1_7' title='bbox 1151 420 1191 482; x_wconf 77' lang='lat'><strong>17</strong></span> 
     </span>
    </p>
   </div>
   <div class='ocr_carea' id='block_1_2' title="bbox 145 585 1279 2251">
    <p class='ocr_par' dir='ltr' id='par_1_2' title="bbox 178 585 1279 930">
     <span class='ocr_line' id='line_1_2' title="bbox 182 585 1193 661; baseline 0.002 -16"><span class='ocrx_word' id='word_1_8' title='bbox 182 588 339 661; x_wconf 87' lang='lat' dir='ltr'><strong>insaniam,</strong></span> <span class='ocrx_word' id='word_1_9' title='bbox 369 591 403 645; x_wconf 92' lang='lat' dir='ltr'><strong>ut</strong></span> <span class='ocrx_word' id='word_1_10' title='bbox 429 585 506 644; x_wconf 91' lang='lat' dir='ltr'><strong>illud</strong></span> <span class='ocrx_word' id='word_1_11' title='bbox 528 586 645 646; x_wconf 84' lang='lat' dir='ltr'><strong>facinus</strong></span> <span class='ocrx_word' id='word_1_12' title='bbox 666 606 727 645; x_wconf 91' lang='lat' dir='ltr'><strong>non</strong></span> <span class='ocrx_word' id='word_1_13' title='bbox 748 605 805 661; x_wconf 92' lang='lat' dir='ltr'><strong>per</strong></span> <span class='ocrx_word' id='word_1_14' title='bbox 825 586 962 646; x_wconf 86' lang='lat' dir='ltr'><strong>fraudem</strong></span> <span class='ocrx_word' id='word_1_15' title='bbox 985 587 1110 661; x_wconf 85' lang='lat' dir='ltr'><strong>factum,</strong></span> <span class='ocrx_word' id='word_1_16' title='bbox 1141 588 1193 647; x_wconf 91' lang='lat' dir='ltr'><strong>sed</strong></span> 
     </span>
     <span class='ocr_line' id='line_1_3' title="bbox 182 675 1258 752; baseline 0.004 -19"><span class='ocrx_word' id='word_1_17' title='bbox 182 694 233 751; x_wconf 90' lang='lat' dir='ltr'><strong>per</strong></span> <span class='ocrx_word' id='word_1_18' title='bbox 248 677 396 735; x_wconf 81' lang='lat' dir='ltr'><strong>manniam</strong></span> <span class='ocrx_word' id='word_1_19' title='bbox 414 675 591 734; x_wconf 82' lang='lat' dir='ltr'><strong>crederetur.</strong></span> <span class='ocrx_word' id='word_1_20' title='bbox 628 675 799 734; x_wconf 74' lang='lat' dir='ltr'><strong>Praefertur</strong></span> <span class='ocrx_word' id='word_1_21' title='bbox 817 678 892 735; x_wconf 88' lang='lat' dir='ltr'><strong>cista</strong></span> <span class='ocrx_word' id='word_1_22' title='bbox 910 675 942 734; x_wconf 93' lang='lat' dir='ltr'><strong>in</strong></span> <span class='ocrx_word' id='word_1_23' title='bbox 962 695 1021 752; x_wconf 92' lang='lat' dir='ltr'><strong>qua</strong></span> <span class='ocrx_word' id='word_1_24' title='bbox 1040 694 1091 735; x_wconf 90' lang='lat' dir='ltr'><strong>cor</strong></span> <span class='ocrx_word' id='word_1_25' title='bbox 1109 694 1193 736; x_wconf 91' lang='lat' dir='ltr'><strong>soror</strong></span> <span class='ocrx_word' id='word_1_26' title='bbox 1210 688 1258 738; x_wconf 78' lang='lat'><em>(8⁵)</em></span> 
     </span>
     <span class='ocr_line' id='line_1_4' title="bbox 179 756 1279 845; baseline 0.004 -23"><span class='ocrx_word' id='word_1_27' title='bbox 179 764 305 824; x_wconf 89' lang='lat' dir='ltr'><strong>latenter</strong></span> <span class='ocrx_word' id='word_1_28' title='bbox 326 764 529 840; x_wconf 89' lang='lat' dir='ltr'><strong>absconderat,</strong></span> <span class='ocrx_word' id='word_1_29' title='bbox 550 756 555 845; x_wconf 92' lang='grc' dir='ltr'>Ι</span> <span class='ocrx_word' id='word_1_30' title='bbox 574 764 717 823; x_wconf 90' lang='lat' dir='ltr'><strong>tibiarum</strong></span> <span class='ocrx_word' id='word_1_31' title='bbox 740 768 843 824; x_wconf 89' lang='lat' dir='ltr'><strong>cantu·</strong></span> <span class='ocrx_word' id='word_1_32' title='bbox 862 767 893 824; x_wconf 92' lang='lat' dir='ltr'><strong>et</strong></span> <span class='ocrx_word' id='word_1_33' title='bbox 906 765 1111 841; x_wconf 79' lang='lat' dir='ltr'><strong>cymbalorum</strong></span> <span class='ocrx_word' id='word_1_34' title='bbox 1134 765 1279 828; x_wconf 65' lang='lat' dir='ltr'><strong>tin-tvm</strong></span> 
     </span>
     <span class='ocr_line' id='line_1_5' title="bbox 178 852 1191 930; baseline 0.002 -19"><span class='ocrx_word' id='word_1_35' title='bbox 178 856 242 912; x_wconf 90' lang='lat' dir='ltr'><strong>nitu</strong></span> <span class='ocrx_word' id='word_1_36' title='bbox 274 854 450 930; x_wconf 89' lang='lat' dir='ltr'><strong>crepundia,</strong></span> <span class='ocrx_word' id='word_1_37' title='bbox 473 852 581 930; x_wconf 89' lang='lat' dir='ltr'><strong>quibus</strong></span> <span class='ocrx_word' id='word_1_38' title='bbox 604 873 678 929; x_wconf 91' lang='lat' dir='ltr'><strong>puer</strong></span> <span class='ocrx_word' id='word_1_39' title='bbox 699 853 839 930; x_wconf 90' lang='lat' dir='ltr'><strong>deceptus</strong></span> <span class='ocrx_word' id='word_1_40' title='bbox 871 854 971 913; x_wconf 82' lang='lat' dir='ltr'><strong>tuerat</strong></span> <span class='ocrx_word' id='word_1_41' title='bbox 996 857 1191 914; x_wconf 90' lang='lat' dir='ltr'><strong>mentiuntur.</strong></span> 
     </span>
    </p>

    <p class='ocr_par' dir='ltr' id='par_1_3' title="bbox 153 942 1227 1375">
     <span class='ocr_line' id='line_1_6' title="bbox 153 942 1193 1019; baseline 0 -16"><span class='ocrx_word' id='word_1_42' title='bbox 153 943 225 1003; x_wconf 77' lang='lat' dir='ltr'><strong>sSic</strong></span> <span class='ocrx_word' id='word_1_43' title='bbox 246 945 280 1002; x_wconf 91' lang='lat' dir='ltr'><strong>in</strong></span> <span class='ocrx_word' id='word_1_44' title='bbox 303 943 445 1002; x_wconf 92' lang='lat' dir='ltr'><strong>honorem</strong></span> <span class='ocrx_word' id='word_1_45' title='bbox 467 945 590 1018; x_wconf 82' lang='lat' dir='ltr'><strong>tyranni</strong></span> <span class='ocrx_word' id='word_1_46' title='bbox 612 950 631 1001; x_wconf 79' lang='lat' dir='ltr'><strong>d</strong></span> <span class='ocrx_word' id='word_1_47' title='bbox 654 942 800 1003; x_wconf 76' lang='lat' dir='ltr'><strong>serviente</strong></span> <span class='ocrx_word' id='word_1_48' title='bbox 823 944 909 1019; x_wconf 89' lang='lat' dir='ltr'><strong>plebe</strong></span> <span class='ocrx_word' id='word_1_49' title='bbox 932 943 1003 1004; x_wconf 89' lang='lat' dir='ltr'><strong>deus</strong></span> <span class='ocrx_word' id='word_1_50' title='bbox 1026 944 1123 1004; x_wconf 84' lang='lat' dir='ltr'><strong>factus</strong></span> <span class='ocrx_word' id='word_1_51' title='bbox 1147 947 1193 1004; x_wconf 90' lang='lat' dir='ltr'><strong>est</strong></span> 
     </span>
     <span class='ocr_line' id='line_1_7' title="bbox 177 1032 1227 1108; baseline 0.002 -17"><span class='ocrx_word' id='word_1_52' title='bbox 177 1034 227 1107; x_wconf 92' lang='lat' dir='ltr'><strong>qui</strong></span> <span class='ocrx_word' id='word_1_53' title='bbox 250 1032 363 1091; x_wconf 89' lang='lat' dir='ltr'><strong>habers</strong></span> <span class='ocrx_word' id='word_1_54' title='bbox 379 1051 441 1091; x_wconf 89' lang='lat' dir='ltr'><strong>non</strong></span> <span class='ocrx_word' id='word_1_55' title='bbox 458 1034 558 1108; x_wconf 91' lang='lat' dir='ltr'><strong>potuit</strong></span> <span class='ocrx_word' id='word_1_56' title='bbox 575 1033 768 1107; x_wconf 90' lang='lat' dir='ltr'><strong>sepulturam.</strong></span> <span class='ocrx_word' id='word_1_57' title='bbox 806 1032 878 1091; x_wconf 80' lang='lat' dir='ltr'><strong>Fuit</strong></span> <span class='ocrx_word' id='word_1_58' title='bbox 897 1034 988 1091; x_wconf 89' lang='lat' dir='ltr'><strong>etiam</strong></span> <span class='ocrx_word' id='word_1_59' title='bbox 1007 1033 1084 1092; x_wconf 89' lang='lat' dir='ltr'><strong>alius</strong></span> <span class='ocrx_word' id='word_1_60' title='bbox 1102 1032 1192 1091; x_wconf 88' lang='lat' dir='ltr'><strong>Liber</strong></span> <span class='ocrx_word' id='word_1_61' title='bbox 1211 1048 1227 1096; x_wconf 82' lang='lat' dir='ltr'><strong>a</strong></span> 
     </span>
     <span class='ocr_line' id='line_1_8' title="bbox 175 1120 1192 1199; baseline 0.001 -20"><span class='ocrx_word' id='word_1_62' title='bbox 175 1124 249 1197; x_wconf 89' lang='lat' dir='ltr'><strong>aput</strong></span> <span class='ocrx_word' id='word_1_63' title='bbox 272 1120 391 1181; x_wconf 78' lang='lat' dir='ltr'><strong>Thebas</strong></span> <span class='ocrx_word' id='word_1_64' title='bbox 413 1124 561 1196; x_wconf 74' lang='lat' dir='ltr'><strong>tyrannus</strong></span> <span class='ocrx_word' id='word_1_65' title='bbox 584 1122 718 1199; x_wconf 88' lang='lat' dir='ltr'><strong>magicae</strong></span> <span class='ocrx_word' id='word_1_66' title='bbox 741 1121 816 1181; x_wconf 89' lang='lat' dir='ltr'><strong>artis</strong></span> <span class='ocrx_word' id='word_1_67' title='bbox 839 1124 987 1197; x_wconf 78' lang='lat' dir='ltr'><strong>potestate</strong></span> <span class='ocrx_word' id='word_1_68' title='bbox 1010 1124 1192 1199; x_wconf 91' lang='lat' dir='ltr'><strong>perspicuus.</strong></span> 
     </span>
     <span class='ocr_line' id='line_1_9' title="bbox 175 1208 1193 1286; baseline 0.001 -17"><span class='ocrx_word' id='word_1_69' title='bbox 175 1211 230 1269; x_wconf 89' lang='lat' dir='ltr'><strong>Hic</strong></span> <span class='ocrx_word' id='word_1_70' title='bbox 262 1230 333 1270; x_wconf 92' lang='lat' dir='ltr'><strong>cum</strong></span> <span class='ocrx_word' id='word_1_71' title='bbox 364 1208 523 1269; x_wconf 83' lang='lat' dir='ltr'><strong>muliebres</strong></span> <span class='ocrx_word' id='word_1_72' title='bbox 555 1211 672 1269; x_wconf 90' lang='lat' dir='ltr'><strong>animos</strong></span> <span class='ocrx_word' id='word_1_73' title='bbox 703 1212 825 1269; x_wconf 88' lang='lat' dir='ltr'><strong>venenis</strong></span> <span class='ocrx_word' id='word_1_74' title='bbox 857 1210 1035 1286; x_wconf 90' lang='lat' dir='ltr'><strong>quibusdam</strong></span> <span class='ocrx_word' id='word_1_75' title='bbox 1068 1214 1098 1270; x_wconf 92' lang='lat' dir='ltr'><strong>et</strong></span> <span class='ocrx_word' id='word_1_76' title='bbox 1130 1230 1193 1270; x_wconf 88' lang='lat' dir='ltr'><strong>car-</strong></span> 
     </span>
     <span class='ocr_line' id='line_1_10' title="bbox 176 1299 1194 1375; baseline 0.001 -16"><span class='ocrx_word' id='word_1_77' title='bbox 176 1300 308 1359; x_wconf 90' lang='lat' dir='ltr'><strong>minibus</strong></span> <span class='ocrx_word' id='word_1_78' title='bbox 340 1302 525 1375; x_wconf 74' lang='lat' dir='ltr'><strong>occupasset,</strong></span> <span class='ocrx_word' id='word_1_79' title='bbox 557 1319 612 1375; x_wconf 91' lang='lat' dir='ltr'><strong>pro</strong></span> <span class='ocrx_word' id='word_1_80' title='bbox 643 1299 768 1359; x_wconf 86' lang='lat' dir='ltr'><strong>arbitrie</strong></span> <span class='ocrx_word' id='word_1_81' title='bbox 805 1318 859 1359; x_wconf 90' lang='lat' dir='ltr'><strong>suc</strong></span> <span class='ocrx_word' id='word_1_82' title='bbox 896 1299 1028 1359; x_wconf 77' lang='lat' dir='ltr'><strong>crudelia</strong></span> <span class='ocrx_word' id='word_1_83' title='bbox 1061 1300 1194 1360; x_wconf 88' lang='lat' dir='ltr'><strong>facinora</strong></span> 
     </span>
    </p>

    <p class='ocr_par' dir='ltr' id='par_1_4' title="bbox 145 1387 1194 1823">
     <span class='ocr_line' id='line_1_11' title="bbox 145 1387 1194 1465; baseline 0.001 -17"><span class='ocrx_word' id='word_1_84' title='bbox 145 1390 343 1449; x_wconf 73' lang='lat' dir='ltr'><strong>clarentibus</strong></span> <span class='ocrx_word' id='word_1_85' title='bbox 365 1387 542 1465; x_wconf 77' lang='lat' dir='ltr'><strong>imperabat,</strong></span> <span class='ocrx_word' id='word_1_86' title='bbox 564 1391 600 1447; x_wconf 93' lang='lat' dir='ltr'><strong>ut</strong></span> <span class='ocrx_word' id='word_1_87' title='bbox 622 1392 721 1448; x_wconf 88' lang='lat' dir='ltr'><strong>mente</strong></span> <span class='ocrx_word' id='word_1_88' title='bbox 745 1391 848 1464; x_wconf 85' lang='lat' dir='ltr'><strong>captas</strong></span> <span class='ocrx_word' id='word_1_89' title='bbox 871 1387 985 1448; x_wconf 88' lang='lat' dir='ltr'><strong>nobiles</strong></span> <span class='ocrx_word' id='word_1_90' title='bbox 1008 1389 1147 1449; x_wconf 88' lang='lat' dir='ltr'><strong>feminas·</strong></span> <span class='ocrx_word' id='word_1_91' title='bbox 1164 1392 1194 1449; x_wconf 88' lang='lat' dir='ltr'><strong>et</strong></span> 
     </span>
     <span class='ocr_line' id='line_1_12' title="bbox 175 1478 1194 1553; baseline 0.002 -18"><span class='ocrx_word' id='word_1_92' title='bbox 175 1478 337 1537; x_wconf 86' lang='lat' dir='ltr'><strong>libidinum</strong></span> <span class='ocrx_word' id='word_1_93' title='bbox 353 1480 507 1537; x_wconf 87' lang='lat' dir='ltr'><strong>ministras</strong></span> <span class='ocrx_word' id='word_1_94' title='bbox 525 1478 649 1537; x_wconf 91' lang='lat' dir='ltr'><strong>haberet</strong></span> <span class='ocrx_word' id='word_1_95' title='bbox 662 1481 693 1537; x_wconf 94' lang='lat' dir='ltr'><strong>et</strong></span> <span class='ocrx_word' id='word_1_96' title='bbox 706 1478 858 1537; x_wconf 89' lang='lat' dir='ltr'><strong>scelerum.</strong></span> <span class='ocrx_word' id='word_1_97' title='bbox 896 1478 954 1548; x_wconf 85' lang='lat' dir='ltr'><strong>Qui</strong></span> <span class='ocrx_word' id='word_1_98' title='bbox 968 1478 1072 1553; x_wconf 88' lang='lat' dir='ltr'><strong>qualia</strong></span> <span class='ocrx_word' id='word_1_99' title='bbox 1090 1478 1194 1538; x_wconf 80' lang='lat' dir='ltr'><strong>iecerit</strong></span> 
     </span>
     <span class='ocr_line' id='line_1_13' title="bbox 174 1566 1193 1643; baseline 0.001 -17"><span class='ocrx_word' id='word_1_100' title='bbox 174 1568 301 1640; x_wconf 87' lang='lat' dir='ltr'><strong>scelera,</strong></span> <span class='ocrx_word' id='word_1_101' title='bbox 324 1568 371 1627; x_wconf 87' lang='lat' dir='ltr'><strong>vel</strong></span> <span class='ocrx_word' id='word_1_102' title='bbox 394 1572 540 1643; x_wconf 92' lang='lat' dir='ltr'><strong>qnantum</strong></span> <span class='ocrx_word' id='word_1_103' title='bbox 571 1569 663 1626; x_wconf 86' lang='lat' dir='ltr'><strong>matri</strong></span> <span class='ocrx_word' id='word_1_104' title='bbox 694 1571 798 1626; x_wconf 88' lang='lat' dir='ltr'><strong>contra</strong></span> <span class='ocrx_word' id='word_1_105' title='bbox 827 1566 935 1641; x_wconf 90' lang='lat' dir='ltr'><strong>filium,</strong></span> <span class='ocrx_word' id='word_1_106' title='bbox 964 1567 1012 1625; x_wconf 86' lang='lat' dir='ltr'><strong>vel</strong></span> <span class='ocrx_word' id='word_1_107' title='bbox 1042 1567 1193 1627; x_wconf 86' lang='lat' dir='ltr'><strong>sororibus</strong></span> 
     </span>
     <span class='ocr_line' id='line_1_14' title="bbox 173 1656 1193 1731; baseline 0 -16"><span class='ocrx_word' id='word_1_108' title='bbox 173 1661 278 1716; x_wconf 79' lang='lat' dir='ltr'><strong>contm</strong></span> <span class='ocrx_word' id='word_1_109' title='bbox 302 1657 426 1715; x_wconf 72' lang='lat' dir='ltr'><strong>fiatrem</strong></span> <span class='ocrx_word' id='word_1_110' title='bbox 453 1658 646 1731; x_wconf 85' lang='lat' dir='ltr'><strong>imperaverit</strong></span> <span class='ocrx_word' id='word_1_111' title='bbox 675 1656 804 1729; x_wconf 81' lang='lat' dir='ltr'><strong>facinus,</strong></span> <span class='ocrx_word' id='word_1_112' title='bbox 836 1658 867 1715; x_wconf 90' lang='lat' dir='ltr'><strong>in</strong></span> <span class='ocrx_word' id='word_1_113' title='bbox 891 1657 1005 1716; x_wconf 90' lang='lat' dir='ltr'><strong>scaenis</strong></span> <span class='ocrx_word' id='word_1_114' title='bbox 1028 1656 1151 1716; x_wconf 89' lang='lat' dir='ltr'><strong>cottidie</strong></span> <span class='ocrx_word' id='word_1_115' title='bbox 1175 1675 1193 1715; x_wconf 87' lang='lat' dir='ltr'><strong>a</strong></span> 
     </span>
     <span class='ocr_line' id='line_1_15' title="bbox 173 1744 1194 1823; baseline 0.001 -19"><span class='ocrx_word' id='word_1_116' title='bbox 173 1748 282 1823; x_wconf 81' lang='lat' dir='ltr'><strong>tragici</strong></span> <span class='ocrx_word' id='word_1_117' title='bbox 316 1746 456 1805; x_wconf 85' lang='lat' dir='ltr'><strong>carminis</strong></span> <span class='ocrx_word' id='word_1_118' title='bbox 487 1744 657 1805; x_wconf 82' lang='lat' dir='ltr'><strong>auctoribus</strong></span> <span class='ocrx_word' id='word_1_119' title='bbox 680 1745 825 1821; x_wconf 84' lang='lat' dir='ltr'><strong>traditur,</strong></span> <span class='ocrx_word' id='word_1_120' title='bbox 854 1747 890 1804; x_wconf 91' lang='lat' dir='ltr'><strong>ut</strong></span> <span class='ocrx_word' id='word_1_121' title='bbox 912 1744 1048 1804; x_wconf 84' lang='lat' dir='ltr'><strong>scelerati</strong></span> <span class='ocrx_word' id='word_1_122' title='bbox 1070 1748 1194 1822; x_wconf 84' lang='lat' dir='ltr'><strong>tyranni</strong></span> 
     </span>
    </p>

    <p class='ocr_par' dir='ltr' id='par_1_5' title="bbox 145 1832 1227 2251">
     <span class='ocr_line' id='line_1_16' title="bbox 145 1832 1194 1911; baseline -0.001 -16"><span class='ocrx_word' id='word_1_123' title='bbox 145 1853 161 1895; x_wconf 78' lang='lat' dir='ltr'><strong>a</strong></span> <span class='ocrx_word' id='word_1_124' title='bbox 173 1835 343 1895; x_wconf 79' lang='lat' dir='ltr'><strong>facinorosa</strong></span> <span class='ocrx_word' id='word_1_125' title='bbox 365 1832 579 1893; x_wconf 76' lang='lat' dir='ltr'><strong>erudelitas-in</strong></span> <span class='ocrx_word' id='word_1_126' title='bbox 603 1836 711 1894; x_wconf 90' lang='lat' dir='ltr'><strong>animis</strong></span> <span class='ocrx_word' id='word_1_127' title='bbox 730 1834 916 1893; x_wconf 90' lang='lat' dir='ltr'><strong>audientium</strong></span> <span class='ocrx_word' id='word_1_128' title='bbox 933 1835 1059 1894; x_wconf 86' lang='lat' dir='ltr'><strong>funestis</strong></span> <span class='ocrx_word' id='word_1_129' title='bbox 1078 1854 1194 1911; x_wconf 90' lang='lat' dir='ltr'><strong>semper</strong></span> 
     </span>
     <span class='ocr_line' id='line_1_17' title="bbox 174 1922 1227 2001; baseline 0.002 -17"><span class='ocrx_word' id='word_1_130' title='bbox 174 1922 373 1985; x_wconf 91' lang='lat' dir='ltr'><strong>relationibus</strong></span> <span class='ocrx_word' id='word_1_131' title='bbox 402 1926 582 1982; x_wconf 87' lang='lat' dir='ltr'><strong>renascatur.</strong></span> <span class='ocrx_word' id='word_1_132' title='bbox 627 1923 715 1982; x_wconf 91' lang='lat' dir='ltr'><strong>Hunc</strong></span> <span class='ocrx_word' id='word_1_133' title='bbox 744 1924 900 2001; x_wconf 87' lang='lat' dir='ltr'><strong>Lycurgus</strong></span> <span class='ocrx_word' id='word_1_134' title='bbox 930 1923 1030 1983; x_wconf 89' lang='lat' dir='ltr'><strong>sobria</strong></span> <span class='ocrx_word' id='word_1_135' title='bbox 1060 1925 1227 1986; x_wconf 77' lang='lat' dir='ltr'><strong>virorumr</strong></span> 
     </span>
     <span class='ocr_line' id='line_1_18' title="bbox 175 2012 1197 2089; baseline -0.001 -17"><span class='ocrx_word' id='word_1_136' title='bbox 175 2014 385 2073; x_wconf 86' lang='lat' dir='ltr'><strong>coniuratione</strong></span> <span class='ocrx_word' id='word_1_137' title='bbox 408 2014 573 2087; x_wconf 90' lang='lat' dir='ltr'><strong>protectus·</strong></span> <span class='ocrx_word' id='word_1_138' title='bbox 596 2031 689 2089; x_wconf 89' lang='lat' dir='ltr'><strong>regno</strong></span> <span class='ocrx_word' id='word_1_139' title='bbox 713 2014 808 2071; x_wconf 82' lang='lat' dir='ltr'><strong>exuit·</strong></span> <span class='ocrx_word' id='word_1_140' title='bbox 831 2012 920 2087; x_wconf 90' lang='lat' dir='ltr'><strong>pellit</strong></span> <span class='ocrx_word' id='word_1_141' title='bbox 940 2012 1048 2088; x_wconf 86' lang='lat' dir='ltr'><strong>patria.</strong></span> <span class='ocrx_word' id='word_1_142' title='bbox 1090 2013 1197 2087; x_wconf 67' lang='lat' dir='ltr'><strong>Neque=</strong></span> 
     </span>
     <span class='ocr_line' id='line_1_19' title="bbox 175 2100 1193 2176; baseline 0 -15"><span class='ocrx_word' id='word_1_143' title='bbox 175 2105 254 2162; x_wconf 85' lang='lat' dir='ltr'><strong>enim</strong></span> <span class='ocrx_word' id='word_1_144' title='bbox 278 2102 470 2161; x_wconf 85' lang='lat' dir='ltr'><strong>effeminatus</strong></span> <span class='ocrx_word' id='word_1_145' title='bbox 493 2118 668 2160; x_wconf 90' lang='lat' dir='ltr'><strong>consensum</strong></span> <span class='ocrx_word' id='word_1_146' title='bbox 690 2102 821 2160; x_wconf 84' lang='lat' dir='ltr'><strong>virorum</strong></span> <span class='ocrx_word' id='word_1_147' title='bbox 845 2103 945 2176; x_wconf 89' lang='lat' dir='ltr'><strong>potuit</strong></span> <span class='ocrx_word' id='word_1_148' title='bbox 968 2100 1081 2161; x_wconf 76' lang='lat' dir='ltr'><strong>diuffius</strong></span> <span class='ocrx_word' id='word_1_149' title='bbox 1106 2102 1193 2161; x_wconf 77' lang='lat' dir='ltr'><strong>susti</strong></span> 
     </span>
     <span class='ocr_line' id='line_1_20' title="bbox 175 2189 1193 2251; baseline -0.003 0"><span class='ocrx_word' id='word_1_150' title='bbox 175 2212 252 2251; x_wconf 92' lang='lat' dir='ltr'><strong>nere.</strong></span> <span class='ocrx_word' id='word_1_151' title='bbox 304 2190 514 2249; x_wconf 76' lang='lat' dir='ltr'><strong>Effeminatum</strong></span> <span class='ocrx_word' id='word_1_152' title='bbox 547 2189 703 2249; x_wconf 86' lang='lat' dir='ltr'><strong>cinaedum</strong></span> <span class='ocrx_word' id='word_1_153' title='bbox 730 2193 809 2248; x_wconf 91' lang='lat' dir='ltr'><strong>enim</strong></span> <span class='ocrx_word' id='word_1_154' title='bbox 838 2209 905 2249; x_wconf 89' lang='lat' dir='ltr'><strong>eum</strong></span> <span class='ocrx_word' id='word_1_155' title='bbox 932 2192 1023 2250; x_wconf 84' lang='lat' dir='ltr'><strong>fuisse</strong></span> <span class='ocrx_word' id='word_1_156' title='bbox 1055 2194 1085 2250; x_wconf 91' lang='lat' dir='ltr'><strong>et</strong></span> <span class='ocrx_word' id='word_1_157' title='bbox 1113 2209 1193 2249; x_wconf 87' lang='lat' dir='ltr'><strong>ama·</strong></span> 
     </span>
    </p>
   </div>
   <div class='ocr_carea' id='block_1_3' title="bbox 147 2368 1194 2891">
    <p class='ocr_par' dir='ltr' id='par_1_6' title="bbox 147 2368 1194 2891">
     <span class='ocr_line' id='line_1_21' title="bbox 173 2368 1194 2447; baseline -0.003 -17"><span class='ocrx_word' id='word_1_158' title='bbox 173 2372 235 2430; x_wconf 84' lang='lat' dir='ltr'><strong>Nec</strong></span> <span class='ocrx_word' id='word_1_159' title='bbox 259 2371 337 2447; x_wconf 82' lang='lat' dir='ltr'><strong>fugo</strong></span> <span class='ocrx_word' id='word_1_160' title='bbox 366 2370 431 2427; x_wconf 91' lang='lat' dir='ltr'><strong>eius</strong></span> <span class='ocrx_word' id='word_1_161' title='bbox 453 2368 608 2445; x_wconf 85' lang='lat' dir='ltr'><strong>Lycurgus</strong></span> <span class='ocrx_word' id='word_1_162' title='bbox 636 2369 754 2426; x_wconf 90' lang='lat' dir='ltr'><strong>tantum</strong></span> <span class='ocrx_word' id='word_1_163' title='bbox 785 2372 830 2427; x_wconf 87' lang='lat' dir='ltr'><strong>est</strong></span> <span class='ocrx_word' id='word_1_164' title='bbox 857 2368 1004 2445; x_wconf 86' lang='lat' dir='ltr'><strong>exilioque</strong></span> <span class='ocrx_word' id='word_1_165' title='bbox 1028 2371 1194 2442; x_wconf 88' lang='lat' dir='ltr'><strong>contentus,</strong></span> 
     </span>
     <span class='ocr_line' id='line_1_22' title="bbox 174 2456 1194 2534; baseline -0.002 -15"><span class='ocrx_word' id='word_1_166' title='bbox 174 2461 224 2519; x_wconf 89' lang='lat' dir='ltr'><strong>sed</strong></span> <span class='ocrx_word' id='word_1_167' title='bbox 257 2461 370 2519; x_wconf 91' lang='lat' dir='ltr'><strong>timens</strong></span> <span class='ocrx_word' id='word_1_168' title='bbox 402 2476 439 2516; x_wconf 90' lang='lat' dir='ltr'><strong>ne</strong></span> <span class='ocrx_word' id='word_1_169' title='bbox 471 2457 589 2534; x_wconf 78' lang='lat' dir='ltr'><strong>fugiens</strong></span> <span class='ocrx_word' id='word_1_170' title='bbox 620 2458 651 2515; x_wconf 90' lang='lat' dir='ltr'><strong>et</strong></span> <span class='ocrx_word' id='word_1_171' title='bbox 683 2456 720 2515; x_wconf 94' lang='lat' dir='ltr'><strong>ab</strong></span> <span class='ocrx_word' id='word_1_172' title='bbox 752 2457 820 2515; x_wconf 91' lang='lat' dir='ltr'><strong>aliis</strong></span> <span class='ocrx_word' id='word_1_173' title='bbox 857 2461 992 2533; x_wconf 88' lang='lat' dir='ltr'><strong>receptus</strong></span> <span class='ocrx_word' id='word_1_174' title='bbox 1029 2457 1194 2517; x_wconf 88' lang='lat' dir='ltr'><strong>ludibriosa</strong></span> 
     </span>
     <span class='ocr_line' id='line_1_23' title="bbox 174 2546 1193 2624; baseline -0.002 -16"><span class='ocrx_word' id='word_1_175' title='bbox 174 2550 322 2608; x_wconf 90' lang='lat' dir='ltr'><strong>scelerum</strong></span> <span class='ocrx_word' id='word_1_176' title='bbox 349 2564 470 2606; x_wconf 87' lang='lat' dir='ltr'><strong>suornm</strong></span> <span class='ocrx_word' id='word_1_177' title='bbox 500 2547 590 2605; x_wconf 90' lang='lat' dir='ltr'><strong>etiam</strong></span> <span class='ocrx_word' id='word_1_178' title='bbox 620 2546 653 2603; x_wconf 92' lang='lat' dir='ltr'><strong>in</strong></span> <span class='ocrx_word' id='word_1_179' title='bbox 680 2546 741 2604; x_wconf 91' lang='lat' dir='ltr'><strong>alia</strong></span> <span class='ocrx_word' id='word_1_180' title='bbox 762 2548 883 2624; x_wconf 89' lang='lat' dir='ltr'><strong>regione</strong></span> <span class='ocrx_word' id='word_1_181' title='bbox 906 2547 1044 2606; x_wconf 91' lang='lat' dir='ltr'><strong>conderet</strong></span> <span class='ocrx_word' id='word_1_182' title='bbox 1071 2548 1193 2619; x_wconf 89' lang='lat' dir='ltr'><strong>semina,</strong></span> 
     </span>
     <span class='ocr_line' id='line_1_24' title="bbox 174 2634 1193 2711; baseline -0.005 -13"><span class='ocrx_word' id='word_1_183' title='bbox 174 2639 348 2698; x_wconf 88' lang='lat' dir='ltr'><strong>succinctus</strong></span> <span class='ocrx_word' id='word_1_184' title='bbox 370 2637 449 2694; x_wconf 82' lang='lat' dir='ltr'><strong>serre</strong></span> <span class='ocrx_word' id='word_1_185' title='bbox 471 2636 589 2710; x_wconf 88' lang='lat' dir='ltr'><strong>patriae</strong></span> <span class='ocrx_word' id='word_1_186' title='bbox 611 2634 737 2694; x_wconf 89' lang='lat' dir='ltr'><strong>dedecus</strong></span> <span class='ocrx_word' id='word_1_187' title='bbox 754 2637 866 2694; x_wconf 89' lang='lat' dir='ltr'><strong>minaci</strong></span> <span class='ocrx_word' id='word_1_188' title='bbox 883 2637 1070 2711; x_wconf 88' lang='lat' dir='ltr'><strong>persequitur</strong></span> <span class='ocrx_word' id='word_1_189' title='bbox 1088 2635 1193 2695; x_wconf 89' lang='lat' dir='ltr'><strong>edicto.</strong></span> 
     </span>
     <span class='ocr_line' id='line_1_25' title="bbox 147 2724 1193 2800; baseline -0.004 -15"><span class='ocrx_word' id='word_1_190' title='bbox 147 2728 259 2786; x_wconf 81' lang='lat' dir='ltr'><strong>aTunc</strong></span> <span class='ocrx_word' id='word_1_191' title='bbox 284 2724 376 2784; x_wconf 84' lang='lat' dir='ltr'><strong>Liber</strong></span> <span class='ocrx_word' id='word_1_192' title='bbox 403 2725 544 2800; x_wconf 88' lang='lat' dir='ltr'><strong>proiectis</strong></span> <span class='ocrx_word' id='word_1_193' title='bbox 574 2724 692 2798; x_wconf 82' lang='lat' dir='ltr'><strong>infulis,</strong></span> <span class='ocrx_word' id='word_1_194' title='bbox 722 2743 798 2800; x_wconf 90' lang='lat' dir='ltr'><strong>quas</strong></span> <span class='ocrx_word' id='word_1_195' title='bbox 828 2727 994 2800; x_wconf 86' lang='lat' dir='ltr'><strong>pampineis</strong></span> <span class='ocrx_word' id='word_1_196' title='bbox 1018 2743 1193 2785; x_wconf 89' lang='lat' dir='ltr'><strong>coronarum</strong></span> 
     </span>
     <span class='ocr_line' id='line_1_26' title="bbox 174 2812 1194 2891; baseline -0.004 -15"><span class='ocrx_word' id='word_1_197' title='bbox 174 2816 298 2876; x_wconf 81' lang='lat' dir='ltr'><strong>cir-culis</strong></span> <span class='ocrx_word' id='word_1_198' title='bbox 321 2812 483 2891; x_wconf 81' lang='lat' dir='ltr'><strong>inligabat,</strong></span> <span class='ocrx_word' id='word_1_199' title='bbox 510 2832 579 2872; x_wconf 92' lang='lat' dir='ltr'><strong>cum</strong></span> <span class='ocrx_word' id='word_1_200' title='bbox 600 2812 739 2873; x_wconf 82' lang='lat' dir='ltr'><strong>semiviro</strong></span> <span class='ocrx_word' id='word_1_201' title='bbox 762 2815 908 2873; x_wconf 86' lang='lat' dir='ltr'><strong>comitatu</strong></span> <span class='ocrx_word' id='word_1_202' title='bbox 930 2815 1047 2891; x_wconf 85' lang='lat' dir='ltr'><strong>fugiens</strong></span> <span class='ocrx_word' id='word_1_203' title='bbox 1072 2845 1111 2853; x_wconf 91' lang='lat'><em>-</em></span> <span class='ocrx_word' id='word_1_204' title='bbox 1137 2814 1194 2873; x_wconf 92' lang='lat' dir='ltr'><strong>soli</strong></span> 
     </span>
    </p>
   </div>
   <div class='ocr_carea' id='block_1_4' title="bbox 266 2982 1005 3053">
    <p class='ocr_par' dir='ltr' id='par_1_7' title="bbox 266 2982 1005 3053">
     <span class='ocr_line' id='line_1_27' title="bbox 266 2982 1005 3053; baseline -0.001 -14"><span class='ocrx_word' id='word_1_205' title='bbox 266 2984 307 3039; x_wconf 75' lang='lat'><strong>26</strong></span> <span class='ocrx_word' id='word_1_206' title='bbox 326 2984 397 3038; x_wconf 79' lang='lat' dir='ltr'><strong>Aen.</strong></span> <span class='ocrx_word' id='word_1_207' title='bbox 410 2984 461 3037; x_wconf 87' lang='lat' dir='ltr'><strong>IV</strong></span> <span class='ocrx_word' id='word_1_208' title='bbox 470 2987 526 3038; x_wconf 82' lang='lat'><strong>215</strong></span> <span class='ocrx_word' id='word_1_209' title='bbox 543 2999 607 3036; x_wconf 91' lang='lat' dir='ltr'><strong>cum</strong></span> <span class='ocrx_word' id='word_1_210' title='bbox 626 2984 755 3037; x_wconf 83' lang='lat' dir='ltr'><strong>semiviro</strong></span> <span class='ocrx_word' id='word_1_211' title='bbox 774 2982 912 3037; x_wconf 90' lang='lat' dir='ltr'><strong>comitatu</strong></span> <span class='ocrx_word' id='word_1_212' title='bbox 931 2984 1005 3053; x_wconf 73' lang='lat' dir='ltr'><strong>(St).</strong></span> 
     </span>
    </p>
   </div>
   <div class='ocr_carea' id='block_1_5' title="bbox 175 3141 1194 3485">
    <p class='ocr_par' dir='ltr' id='par_1_8' title="bbox 175 3141 1194 3485">
     <span class='ocr_line' id='line_1_28' title="bbox 268 3141 1192 3217; baseline 0.001 -19"><span class='ocrx_word' id='word_1_213' title='bbox 268 3144 308 3199; x_wconf 82' lang='lat'><strong>10</strong></span> <span class='ocrx_word' id='word_1_214' title='bbox 326 3145 352 3198; x_wconf 79' lang='lat' dir='ltr'><strong>d,</strong></span> <span class='ocrx_word' id='word_1_215' title='bbox 359 3162 390 3213; x_wconf 84' lang='lat' dir='ltr'><strong>p.</strong></span> <span class='ocrx_word' id='word_1_216' title='bbox 403 3143 523 3197; x_wconf 87' lang='lat' dir='ltr'><strong>feminas</strong></span> <span class='ocrx_word' id='word_1_217' title='bbox 538 3144 602 3198; x_wconf 84' lang='lat' dir='ltr'><strong>cdd.</strong></span> <span class='ocrx_word' id='word_1_218' title='bbox 653 3142 690 3197; x_wconf 83' lang='lat'><strong>15</strong></span> <span class='ocrx_word' id='word_1_219' title='bbox 705 3143 731 3197; x_wconf 81' lang='lat' dir='ltr'><strong>d.</strong></span> <span class='ocrx_word' id='word_1_220' title='bbox 741 3149 806 3197; x_wconf 80' lang='lat' dir='ltr'><strong>ante</strong></span> <span class='ocrx_word' id='word_1_221' title='bbox 818 3141 850 3196; x_wconf 92' lang='lat' dir='ltr'><strong>in</strong></span> <span class='ocrx_word' id='word_1_222' title='bbox 863 3144 928 3198; x_wconf 82' lang='lat' dir='ltr'><strong>add.</strong></span> <span class='ocrx_word' id='word_1_223' title='bbox 980 3143 1016 3197; x_wconf 80' lang='grc'><strong>17</strong></span> <span class='ocrx_word' id='word_1_224' title='bbox 1030 3144 1143 3217; x_wconf 70' lang='lat' dir='ltr'><strong>ptestus</strong></span> <span class='ocrx_word' id='word_1_225' title='bbox 1159 3145 1192 3199; x_wconf 94' lang='lat' dir='ltr'><strong>P.</strong></span> 
     </span>
     <span class='ocr_line' id='line_1_29' title="bbox 175 3213 1193 3287; baseline -0.002 -16"><span class='ocrx_word' id='word_1_226' title='bbox 175 3218 201 3271; x_wconf 87' lang='lat' dir='ltr'><strong>d.</strong></span> <span class='ocrx_word' id='word_1_227' title='bbox 211 3236 244 3287; x_wconf 81' lang='lat' dir='ltr'><strong>p.</strong></span> <span class='ocrx_word' id='word_1_228' title='bbox 264 3218 410 3286; x_wconf 84' lang='lat' dir='ltr'><strong>protectus</strong></span> <span class='ocrx_word' id='word_1_229' title='bbox 428 3216 493 3269; x_wconf 82' lang='lat' dir='ltr'><strong>add.</strong></span> <span class='ocrx_word' id='word_1_230' title='bbox 580 3215 618 3269; x_wconf 80' lang='lat' dir='ltr'><strong>lt)</strong></span> <span class='ocrx_word' id='word_1_231' title='bbox 636 3213 809 3269; x_wconf 81' lang='lat' dir='ltr'><strong>Effeminatd</strong></span> <span class='ocrx_word' id='word_1_232' title='bbox 831 3217 932 3269; x_wconf 72' lang='lat' dir='ltr'><strong>conatui</strong></span> <span class='ocrx_word' id='word_1_233' title='bbox 949 3216 982 3281; x_wconf 91' lang='lat' dir='ltr'><strong>P,</strong></span> <span class='ocrx_word' id='word_1_234' title='bbox 1005 3217 1122 3270; x_wconf 71' lang='lat' dir='ltr'><strong>correcti</strong></span> <span class='ocrx_word' id='word_1_235' title='bbox 1139 3216 1193 3277; x_wconf 84' lang='lat' dir='ltr'><strong>Kr.</strong></span> 
     </span>
     <span class='ocr_line' id='line_1_30' title="bbox 175 3286 1157 3357; baseline -0.002 -14"><span class='ocrx_word' id='word_1_236' title='bbox 175 3291 224 3357; x_wconf 75' lang='lat' dir='ltr'><strong>pai</strong></span> <span class='ocrx_word' id='word_1_237' title='bbox 242 3291 327 3343; x_wconf 76' lang='lat' dir='ltr'><strong>ctiam</strong></span> <span class='ocrx_word' id='word_1_238' title='bbox 346 3286 538 3341; x_wconf 86' lang='lat' dir='ltr'><strong>effeminatum</strong></span> <span class='ocrx_word' id='word_1_239' title='bbox 556 3287 673 3357; x_wconf 69' lang='lat' dir='ltr'><strong>cloacam</strong></span> <span class='ocrx_word' id='word_1_240' title='bbox 691 3293 850 3341; x_wconf 68' lang='lat' dir='ltr'><strong>maceraret</strong></span> <span class='ocrx_word' id='word_1_241' title='bbox 868 3288 1011 3352; x_wconf 90' lang='lat' dir='ltr'><strong>(cenatum</strong></span> <span class='ocrx_word' id='word_1_242' title='bbox 1029 3286 1079 3341; x_wconf 83' lang='lat' dir='ltr'><strong>del.</strong></span> <span class='ocrx_word' id='word_1_243' title='bbox 1089 3291 1157 3355; x_wconf 74' lang='lat' dir='ltr'><strong>pa).</strong></span> 
     </span>
     <span class='ocr_line' id='line_1_31' title="bbox 177 3356 1194 3424; baseline -0.001 -11"><span class='ocrx_word' id='word_1_244' title='bbox 177 3360 215 3413; x_wconf 69' lang='lat'><strong>23</strong></span> <span class='ocrx_word' id='word_1_245' title='bbox 234 3358 419 3414; x_wconf 89' lang='lat' dir='ltr'><strong>contenderet</strong></span> <span class='ocrx_word' id='word_1_246' title='bbox 433 3360 468 3424; x_wconf 90' lang='lat' dir='ltr'><strong>P,</strong></span> <span class='ocrx_word' id='word_1_247' title='bbox 485 3376 534 3413; x_wconf 83' lang='lat' dir='ltr'><strong>em.</strong></span> <span class='ocrx_word' id='word_1_248' title='bbox 548 3358 596 3412; x_wconf 71' lang='grc' dir='ltr'><strong>Η.</strong></span> <span class='ocrx_word' id='word_1_249' title='bbox 700 3356 737 3411; x_wconf 76' lang='lat'><strong>25</strong></span> <span class='ocrx_word' id='word_1_250' title='bbox 756 3360 876 3411; x_wconf 84' lang='lat' dir='ltr'><strong>comani</strong></span> <span class='ocrx_word' id='word_1_251' title='bbox 895 3358 928 3411; x_wconf 86' lang='lat' dir='ltr'><strong>P.</strong></span> <span class='ocrx_word' id='word_1_252' title='bbox 1031 3356 1069 3410; x_wconf 71' lang='lat'><strong>26</strong></span> <span class='ocrx_word' id='word_1_253' title='bbox 1088 3359 1113 3412; x_wconf 85' lang='lat' dir='ltr'><strong>d.</strong></span> <span class='ocrx_word' id='word_1_254' title='bbox 1129 3364 1194 3413; x_wconf 79' lang='lat' dir='ltr'><strong>cate</strong></span> 
     </span>
     <span class='ocr_line' id='line_1_32' title="bbox 178 3432 328 3485; baseline -0.007 0"><span class='ocrx_word' id='word_1_255' title='bbox 178 3448 242 3485; x_wconf 87' lang='lat' dir='ltr'><strong>cum</strong></span> <span class='ocrx_word' id='word_1_256' title='bbox 261 3432 328 3485; x_wconf 79' lang='lat' dir='ltr'><strong>add.</strong></span> 
     </span>
    </p>
   </div>
   <div class='ocr_carea' id='block_1_6' title="bbox 179 3587 1193 3871">
    <p class='ocr_par' dir='ltr' id='par_1_9' title="bbox 179 3587 1193 3871">
     <span class='ocr_line' id='line_1_33' title="bbox 270 3587 1192 3659; baseline -0.002 -14"><span class='ocrx_word' id='word_1_257' title='bbox 270 3592 285 3645; x_wconf 77' lang='grc'><strong>7</strong></span> <span class='ocrx_word' id='word_1_258' title='bbox 304 3591 395 3645; x_wconf 72' lang='lat' dir='ltr'><strong>Man,</strong></span> <span class='ocrx_word' id='word_1_259' title='bbox 406 3593 492 3656; x_wconf 81' lang='lat'><strong>108,3</strong></span> <span class='ocrx_word' id='word_1_260' title='bbox 506 3588 597 3659; x_wconf 85' lang='lat' dir='ltr'><strong>regali</strong></span> <span class='ocrx_word' id='word_1_261' title='bbox 642 3589 784 3657; x_wconf 82' lang='lat' dir='ltr'><strong>potestate</strong></span> <span class='ocrx_word' id='word_1_262' title='bbox 798 3588 970 3658; x_wconf 84' lang='lat' dir='ltr'><strong>perspicuus.</strong></span> <span class='ocrx_word' id='word_1_263' title='bbox 984 3588 1018 3654; x_wconf 77' lang='lat' dir='ltr'><strong>cs.</strong></span> <span class='ocrx_word' id='word_1_264' title='bbox 1028 3587 1114 3643; x_wconf 71' lang='grc' dir='ltr'><strong>ΜΨ</strong></span> <span class='ocrx_word' id='word_1_265' title='bbox 1121 3590 1157 3642; x_wconf 89' lang='grc' dir='ltr'><strong>ΙΙ</strong></span> <span class='ocrx_word' id='word_1_266' title='bbox 1165 3594 1192 3643; x_wconf 87' lang='grc'><strong>8.</strong></span> 
     </span>
     <span class='ocr_line' id='line_1_34' title="bbox 179 3658 1192 3717; baseline -0.001 -1"><span class='ocrx_word' id='word_1_267' title='bbox 179 3661 383 3717; x_wconf 75' lang='lat' dir='ltr'><strong><em>LXV111&#39;11</em></strong></span> <span class='ocrx_word' id='word_1_268' title='bbox 395 3667 420 3715; x_wconf 86' lang='grc'><strong>6,</strong></span> <span class='ocrx_word' id='word_1_269' title='bbox 435 3665 461 3715; x_wconf 91' lang='grc'><strong>9.</strong></span> <span class='ocrx_word' id='word_1_270' title='bbox 491 3659 666 3716; x_wconf 69' lang='lat'><em>01110135.</em></span> <span class='ocrx_word' id='word_1_271' title='bbox 696 3658 864 3715; x_wconf 74' lang='lat' dir='ltr'><strong>OVI&#39;IIP.</strong></span> <span class='ocrx_word' id='word_1_272' title='bbox 892 3658 1192 3715; x_wconf 70' lang='lat' dir='ltr'><strong>CIXr1113,⁰116.</strong></span> 
     </span>
     <span class='ocr_line' id='line_1_35' title="bbox 181 3730 1193 3788; baseline -0.002 -1"><span class='ocrx_word' id='word_1_273' title='bbox 181 3738 281 3788; x_wconf 61' lang='lat'><strong><em>1441.</em></strong></span> <span class='ocrx_word' id='word_1_274' title='bbox 310 3731 710 3787; x_wconf 73' lang='lat' dir='ltr'><em>OX&#39;1126.45.”132.43.</em></span> <span class='ocrx_word' id='word_1_275' title='bbox 740 3730 864 3787; x_wconf 83' lang='lat' dir='ltr'><em>OXIII&#39;</em></span> <span class='ocrx_word' id='word_1_276' title='bbox 874 3732 895 3785; x_wconf 94' lang='lat' dir='ltr'><strong><em>I</em></strong></span> <span class='ocrx_word' id='word_1_277' title='bbox 905 3736 947 3785; x_wconf 87' lang='lat'><strong>10.</strong></span> <span class='ocrx_word' id='word_1_278' title='bbox 1037 3730 1074 3783; x_wconf 87' lang='lat' dir='ltr'><strong>lt)</strong></span> <span class='ocrx_word' id='word_1_279' title='bbox 1094 3732 1137 3786; x_wconf 88' lang='lat' dir='ltr'><strong>Dc</strong></span> <span class='ocrx_word' id='word_1_280' title='bbox 1155 3732 1193 3785; x_wconf 85' lang='lat' dir='ltr'><strong>ci-</strong></span> 
     </span>
     <span class='ocr_line' id='line_1_36' title="bbox 180 3804 838 3871; baseline 0.002 -16"><span class='ocrx_word' id='word_1_281' title='bbox 180 3805 278 3860; x_wconf 76' lang='lat' dir='ltr'><strong>naedis</strong></span> <span class='ocrx_word' id='word_1_282' title='bbox 296 3806 328 3858; x_wconf 77' lang='lat' dir='ltr'><strong>ia</strong></span> <span class='ocrx_word' id='word_1_283' title='bbox 347 3806 469 3859; x_wconf 76' lang='lat' dir='ltr'><strong>Mctbcai</strong></span> <span class='ocrx_word' id='word_1_284' title='bbox 485 3804 642 3871; x_wconf 64' lang='lat' dir='ltr'><strong>amcam</strong></span> <span class='ocrx_word' id='word_1_285' title='bbox 659 3804 740 3857; x_wconf 82' lang='lat' dir='ltr'><strong>cerba</strong></span> <span class='ocrx_word' id='word_1_286' title='bbox 758 3804 838 3869; x_wconf 80' lang='lat' dir='ltr'><strong>finnt</strong></span> 
     </span>
    </p>
   </div>
   <div class='ocr_carea' id='block_1_7' title="bbox 234 3892 1034 3959">
    <p class='ocr_par' dir='ltr' id='par_1_10' title="bbox 234 3892 1034 3959">
     <span class='ocr_line' id='line_1_37' title="bbox 234 3892 1034 3959; baseline -0.01 -8"><span class='ocrx_word' id='word_1_287' title='bbox 234 3913 348 3953; x_wconf 77' lang='lat' dir='ltr'><strong>Firminus</strong></span> <span class='ocrx_word' id='word_1_288' title='bbox 361 3912 478 3952; x_wconf 78' lang='lat' dir='ltr'><strong>Maternus</strong></span> <span class='ocrx_word' id='word_1_289' title='bbox 493 3910 526 3950; x_wconf 90' lang='lat' dir='ltr'><strong>ed.</strong></span> <span class='ocrx_word' id='word_1_290' title='bbox 542 3910 664 3959; x_wconf 78' lang='lat' dir='ltr'><strong>Ziegler.</strong></span> <span class='ocrx_word' id='word_1_291' title='bbox 1017 3892 1034 3943; x_wconf 74' lang='lat'>2</span> 
     </span>
    </p>
   </div>
   <div class='ocr_carea' id='block_1_8' title="bbox 0 0 1554 4359">
    <p class='ocr_par' dir='ltr' id='par_1_11' title="bbox 0 0 1554 4359">
     <span class='ocr_line' id='line_1_38' title="bbox 0 0 1554 4359; baseline 0 0"><span class='ocrx_word' id='word_1_292' title='bbox 0 0 1554 4359; x_wconf 95' lang='lat' dir='ltr'><strong> </strong></span> 
     </span>
    </p>
   </div>
  </div>
 </body>
</html>
