3100 4359
697 384 784 444 §LI
1216 381 1255 436 IX

236 547 415 608 mediocrem
446 566 603 606 numerum
632 547 721 623 plane
749 565 896 632 notarum
918 548 1080 608 lectIonum
1103 552 1133 608 et
1157 569 1254 609 emen·

237 637 392 697 dationum
429 638 574 714 expiscati
604 654 718 711 sumus,
750 635 788 694 de
820 636 927 712 quibus
958 637 1033 698 Mus.
1066 639 1159 697 Rhen.
1192 638 1254 715 LX,

237 728 413 787 273-296
443 725 623 786 rettulimus.
667 724 783 795 Deinde
805 745 875 786 vero
898 727 1049 803 superiore
1071 727 1167 788 hieme
1189 732 1254 788 toto

237 815 338 875 codice
361 834 482 876 excusso
504 814 631 874 alteram
653 833 779 874 messem
802 816 926 874 fecimus
948 815 1031 874 haud
1049 817 1253 893 spernendam,
1316 851 1319 860 =

237 924 315 981 quae
355 923 403 964 res
443 902 463 980 ξ
502 905 520 962 6
562 903 731 964 accuratius
772 904 960 963 tractabitur.
1023 905 1086 964 Nec
1128 905 1254 982 demque

237 994 440 1054 Theodorus
468 993 656 1052 Friedrich
688 992 984 1070 praetermittendus,
1015 997 1066 1070 qui
1093 996 1126 1053 in
1148 994 1254 1056 disser-

236 1082 363 1143 tationis
394 1077 440 1140 ‘In
470 1082 542 1140 Iulii
570 1080 694 1141 Firmici
718 1081 847 1141 Materni
877 1082 913 1142 de
940 1102 1038 1143 errore
1061 1085 1255 1159 profanarum

236 1173 419 1250 religionum
451 1170 585 1230 libellum
617 1166 818 1248 quaestiones’
852 1165 988 1252 (Bonnae
1022 1165 1123 1254 1905)
1156 1173 1255 1251 capite

238 1261 337 1338 primo
351 1256 573 1337 (‘Quaesti0nes
587 1252 735 1342 calticae')
750 1262 808 1319 etsi
820 1259 1000 1321 Halmienae
1014 1261 1132 1322 vilitate
1151 1262 1255 1339 deeep-

238 1355 288 1410 tus
302 1349 477 1424 damtione,
492 1369 567 1426 quae
580 1349 777 1409 mtercederet
789 1351 869 1409 inter
886 1349 1020 1410 nostrum
1033 1351 1206 1411 Palatinum
1225 1356 1256 1411 et

237 1439 335 1499 Flacii
352 1438 484 1499 codicem
501 1438 695 1513 Mindensem,
713 1437 823 1498 falsum
841 1438 983 1498 iudicium
1001 1440 1082 1515 tulit,
1100 1443 1200 1501 tamen
1219 1440 1255 1501 de

238 1527 443 1604 compluribus
452 1529 594 1587 locisnon
605 1528 667 1587 sine
677 1527 755 1587 bono
764 1528 864 1587 fructu
874 1529 938 1606 egit
947 1531 977 1587 et
986 1527 1256 1590 A.Dieterichii

238 1619 425 1678 coniecturas
449 1611 593 1692 quasdam
615 1615 764 1694 palmares
786 1615 901 1693 publici
922 1617 996 1678 iuris
1019 1618 1097 1678 fecit

329 1706 379 1765 Ad
404 1705 500 1782 ipsius
529 1705 639 1766 codicis
662 1706 742 1764 unici
764 1708 827 1764 iarn
849 1706 1104 1784 transgrediamur
1125 1707 1308 1784 desum-§2

239 1797 362 1855 tionem.
417 1793 515 1855 Codex
547 1795 742 1855 Vaticanus
779 1794 971 1855 Palatinus
1004 1794 1156 1856 Latinus
1191 1798 1298 1856 1651>

239 1877 296 1966 (P)
310 1885 438 1961 scriptus
451 1888 497 1944 est
510 1885 542 1943 in
557 1882 718 1943 Germania
735 1902 810 1944 saec.
828 1883 873 1942 IX
887 1916 929 1925 —
944 1884 979 1945 X
1003 1885 1159 1945 Traubei
1177 1887 1257 1946 enim

239 1982 294 2034 τοῦ
318 1972 480 2052 μακαρίτου
502 1966 540 2032 de
563 1992 598 2033 eo
620 1973 711 2033 verba
729 1977 800 2032 sunt
817 1974 891 2033 haee
914 1966 960 2053 (in
977 1974 1087 2034 litteris
1111 1975 1149 2034 ad
1168 1974 1257 2034 Skut-

240 2062 357 2124 echium
379 2062 467 2137 datis,
494 2083 522 2122 r.
545 2062 622 2122 Mus.
645 2062 738 2121 Rhen.
761 2063 815 2121 LX
839 2064 901 2122 265
927 2055 1021 2144 adn.):
1056 2060 1123 2123 ‘Die
1154 2066 1257 2124 aweite

239 2151 333 2212 Hand
354 2152 436 2211 kann
458 2152 527 2211 sehr
548 2151 627 2212 wohl
650 2170 724 2211 saec.
743 2151 815 2210 XVI
838 2154 913 2226 sein3
938 2151 986 2212 die
1008 2156 1086 2212 erste
1108 2172 1183 2233 ganz
1202 2156 1257 2232 gut

240 2241 375 2317 deutsch,
398 2241 435 2302 ob
459 2242 535 2300 auch
556 2240 713 2316 Mindisch
743 2241 825 2300 kann
847 2242 896 2300 ich
919 2241 981 2300 und
1004 2242 1070 2301 lant
1093 2242 1155 2302 sich
1178 2242 1257 2301 wohl

240 2330 414 2407 uberhaupt
436 2331 548 2390 schwer
571 2349 670 2408 sagon.
717 2329 896 2410 UnmthIch
924 2331 964 2390 ist
992 2349 1022 2390 es
1045 2329 1142 2408 gewill
1165 2333 1257 2408 nicht,

240 2419 302 2479 dat
325 2418 373 2478 die
395 2419 592 2479 Handsehrift
622 2420 706 2478 nieht
734 2439 793 2478 nur
814 2419 936 2479 Mindon
964 2420 1098 2497 gehorte,
1130 2420 1257 2480 sondem

241 2509 313 2568 dort
342 2509 418 2567 auch
448 2526 523 2568 saec.
549 2508 577 2566 X
599 2508 789 2587 geschrieben
822 2509 930 2568 warde.
976 2508 1046 2587 Vgl.
1073 2510 1170 2568 maine
1201 2508 1256 2568 Be·

239 2598 426 2675 merhungen
449 2617 501 2656 zur
526 2601 552 2656 7.
571 2597 707 2677 Auflage
729 2616 787 2658 ron
808 2597 1017 2673 wattenbach,
1039 2598 1257 2660 Deutschlands

242 2685 537 2762 Gesehichtsquellen
559 2686 584 2761 Ι,
608 2685 637 2746 S.
657 2687 747 2746 380f.
786 2687 1041 2746 WahrscheinIIoh
1064 2687 1178 2747 scheint
1199 2690 1258 2748 mir

240 2776 392 2851 indessen‚
416 2775 475 2834 dall
498 2776 540 2835 sie
562 2776 766 2854 karolingisch
793 2776 854 2834 und
881 2776 965 2835 nicht
992 2775 1141 2836 ottonisch
1164 2771 1257 2858 ist.’¹)

242 2864 385 2925 Continet
407 2864 497 2924 codex
514 2883 593 2924 nunc
607 2897 649 2906 —
663 2869 733 2941 post
750 2885 843 2923 unum
862 2865 968 2923 folium
990 2868 1096 2941 postea
1115 2865 1258 2940 additum,

239 2954 275 3013 in
299 2972 358 3029 quo
380 2958 499 3029 praeter
526 2972 664 3014 numeros
695 2953 841 3030 quosdam
868 2957 992 3014 notasve
1018 2954 1125 3016 tibulus
1148 2956 1259 3034 legitur

241 3044 292 3102 hic
324 3061 343 3101 a
374 3061 465 3102 manu
497 3061 518 3103 s.
546 3044 618 3102 XVI
648 3044 696 3103 rel
728 3042 816 3102 XVII
846 3043 985 3120 scriptus:
1023 3039 1106 3102 ‘iulii
1136 3043 1259 3104 Firmici

242 3132 373 3192 Metam
395 3131 462 3190 Viri
485 3131 657 3192 Consularis
681 3132 716 3191 de
739 3151 838 3191 errore
855 3133 1049 3209 profanarum
1067 3127 1257 3211 religionum’

244 3253 287 3262 -
311 3222 353 3281 36
378 3220 453 3281 folia
470 3222 584 3280 formae
604 3225 728 3297 quartae
747 3221 879 3296 minoris,
902 3240 1030 3297 quorum
1054 3225 1161 3297 quater
1178 3225 1257 3281 octo-

243 3311 290 3369 nis
328 3301 476 3391 (5-36)
504 3310 547 3368 IV
574 3312 785 3387 quaterniones
823 3329 897 3385 qnos
939 3310 1043 3369 dicunt
1082 3310 1258 3385 formantur,

244 3403 389 3475 quattuor
417 3401 520 3476 priora
548 3400 622 3459 folia
645 3391 763 3481 (1-4)
792 3399 938 3475 reliquiae
962 3403 1033 3468 sunt
1055 3398 1258 3476 quaternionis

243 3521 289 3531 -
310 3488 371 3548 nisi
391 3489 470 3549 forte
491 3491 584 3549 trinio
606 3488 666 3548 fuit
687 3488 734 3548 vel
759 3491 872 3565 quinio,
896 3488 977 3565 quod
1005 3507 1187 3565 quamquam
1209 3491 1259 3549 vix

243 3619 458 3626 *—

334 3697 362 3764 1)
380 3693 466 3748 Plura
483 3693 518 3748 de
537 3711 570 3749 eo
589 3693 686 3749 codice
704 3692 734 3747 in
749 3693 870 3747 Traubei
890 3693 1000 3748 schedis
1018 3693 1125 3748 relictIs
1144 3710 1200 3748 non
1217 3692 1260 3748 in·

244 3765 334 3820 veniri
351 3765 453 3820 scribit
469 3765 585 3821 Bollins.
