3100 4359
322 381 437 436 XXXIV
726 381 931 436 PRAEFATIO

252 562 254 567 '
321 555 355 609 at
382 555 492 610 ,rmoto
519 551 611 624 clype·
635 551 772 611 oranter.
789 593 817 608 ..
841 551 931 611 Recte
960 553 1054 628 igitur
1082 569 1112 610 sc
1136 552 1236 626 habat,
1260 551 1340 628 quod

321 639 441 698 Flacius
462 643 496 698 ut
512 639 643 715 praebet,
670 640 723 698 ubi
744 660 779 720 rr,
804 659 894 715 supra
926 639 1045 714 scripsit
1063 637 1164 716 quoe,
1196 643 1228 699 91
1260 641 1340 716 9991

321 730 432 804 clypco,
461 747 521 787 non
551 731 641 803 clipeo
670 728 797 788 exhibet.
842 727 879 786 In
908 731 946 787 iis
976 748 1053 805 quae
1077 732 1245 806 sequuntur
1267 731 1340 790 tunc

321 837 388 878 cum
419 817 520 893 ipsum
552 816 683 877 codicem
714 818 957 895 inspiciebamus,
984 819 1096 877 frustra
1119 817 1341 892 laborabamus,

320 928 391 966 nam
420 925 495 983 quas
525 910 594 982 post
623 910 695 966 teca
721 907 952 983 dispiciebamus
979 908 1109 967 litteras:
1142 908 1218 967 adr
1244 910 1278 966 et
1309 926 1340 966 er

320 999 353 1055 in
382 997 440 1054 fine
462 995 568 1069 lineae,
596 999 665 1071 apte
695 997 943 1073 suppleriposse
966 995 1204 1074 desperabamus.
1251 997 1339 1055 Nunc

322 1104 398 1161 quae
418 1085 528 1144 collato
551 1085 616 1144 loco
638 1084 698 1143 VH
718 1088 736 1144 6
760 1086 873 1158 sepulto
895 1087 929 1144 io
951 1086 1010 1144 aco
1034 1090 1075 1144 est
1090 1087 1209 1159 pariter,
1230 1090 1257 1144 et
1274 1103 1340 1145 con·

320 1179 434 1233 secroto
457 1172 684 1248 coniciebamus,
712 1173 745 1230 in
774 1171 879 1232 tabula
907 1174 1144 1251 photographica
1174 1176 1340 1234 certissima

322 1265 523 1340 agnoscimus:
555 1264 672 1336 pariter
708 1254 754 1343 (in
786 1263 844 1322 fine
876 1254 999 1345 11119991)
1038 1265 1066 1321 dr
1101 1256 1204 1343 (initio
1240 1263 1340 1323 lineae

322 1353 480 1428 sequentis,
499 1351 551 1410 ubi
569 1356 608 1410 -te
625 1351 746 1429 legebat
762 1343 937 1433 Lorenzius)
956 1355 1141 1420 cortsecrctcr
1165 1345 1259 1434 (quod
1279 1355 1340 1411 iam

320 1439 435 1518 pridem
459 1432 594 1520 certum).
636 1440 769 1500 Litterae
791 1439 897 1500 deinde
925 1441 999 1500 adr
1025 1441 1169 1500 facillime
1199 1443 1339 1519 supplan·

320 1535 371 1590 tur
394 1531 545 1605 odoratur,
575 1532 660 1589 cuius
690 1531 771 1589 vocis
794 1534 825 1589 et
847 1530 1041 1589 creberrimae
1072 1530 1152 1606 apud
1175 1531 1340 1590 Firmium

321 1612 363 1699 (v,
386 1611 529 1700 iudicem)
553 1623 584 1678 et
606 1621 829 1678 accuratissima
853 1620 1027 1695 quadrantis
1054 1621 1087 1678 in
1110 1621 1241 1696 spatium
1266 1621 1341 1680 satis

263 1716 265 1719 '
321 1709 402 1767 clara
433 1710 562 1786 vestigia
592 1708 624 1766 in
657 1707 790 1783 exemplo
823 1708 1059 1786 photographico
1089 1726 1168 1767 nunc
1199 1708 1341 1768 vidimus.

320 1798 370 1857 Ita
400 1799 542 1857 restituta
574 1799 643 1856 sunt
674 1797 765 1856 verba
789 1799 957 1874 aptissima,
989 1799 1121 1873 quaein
1143 1801 1246 1856 nostro
1271 1817 1339 1857 con-

320 1889 405 1946 textu
427 1887 515 1964 legas
818 1958 821 1963 Ι

412 1974 458 2032 De
480 1977 575 2034 totius
598 1975 658 2033 loci
680 1978 856 2052 argumento
879 1993 976 2051 pauca
999 1975 1134 2034 addenda
1153 1978 1237 2048 sunt,
1266 1995 1339 2052 quo-

323 2064 406 2122 niam
437 2064 510 2123 haec
541 2083 601 2122 non
634 2066 707 2123 satis
734 2063 870 2141 intellegi
903 2083 938 2121 ex
962 2063 1113 2123 Oumontii
1142 2064 1241 2124 verbis
1270 2083 1339 2124 con·

322 2153 468 2212 cludimus
501 2146 592 2232 (Hp.
614 2155 669 2211 14:
702 2148 758 2212 ‘La
787 2153 873 2228 suite,
903 2147 1055 2212 91111991
1085 2155 1223 2229 question
1247 2153 1286 2213 de
1309 2154 1342 2214 la

322 2242 450 2301 division
473 2242 509 2300 de
531 2235 618 2300 Pdme
642 2261 677 2300 cn
700 2245 775 2302 trois
797 2243 919 2318 parties,
949 2261 986 2299 nc
1009 2241 1109 2318 paruit
1131 2245 1216 2301 avoir
1239 2261 1340 2302 aucun

321 2335 446 2406 rapport
464 2349 536 2390 avec
558 2331 602 2390 les
624 2326 768 2408 mystbres
787 2322 1019 2412 mithriaqucs').
1056 2331 1125 2389 Non
1147 2332 1246 2407 ipsum
1266 2337 1340 2392 sarie

321 2420 464 2479 Mithram
487 2423 623 2496 spectant
646 2439 722 2495 quae
746 2423 918 2495 sequuntur,
946 2419 997 2480 sed
1020 2420 1142 2479 Firmici
1165 2420 1201 2479 de
1224 2420 1342 2480 Mithra

322 2510 394 2568 licet
422 2509 530 2568 falsam
560 2511 783 2584 expositionem.
830 2509 911 2578 Quae
940 2511 1017 2568 enim
1041 2509 1119 2568 ratio
1143 2508 1183 2567 sit
1204 2510 1286 2568 inter
1306 2530 1341 2570 aa

324 2617 401 2674 quae
431 2601 501 2657 ante
530 2598 669 2657 lacunam
692 2617 711 2657 a
733 2598 863 2658 Pinnico
887 2596 1119 2673 disserebantur,
1149 2601 1237 2657 9199
1261 2618 1340 2674 9999

321 2688 353 2745 111
375 2687 425 2746 fol.
451 2689 483 2745 5r
504 2689 687 2761 mactantur,
714 2687 878 2746 rectissima
908 2687 1036 2762 explicat
1059 2686 1202 2746 Ochlerus
1229 2687 1262 2746 in
1287 2688 1340 2747 ad·

321 2777 490 2835 notatione:
529 2772 576 2833 ‘ln
611 2775 649 2836 iis
686 2795 763 2851 quae
796 2775 968 2835 exciderunt
999 2778 1127 2852 scriptor
1163 2775 1340 2838 disseruisse

321 2864 440 2924 videtur
463 2864 499 2924 de
517 2865 656 2940 triformi,
679 2884 768 2941 quem
787 2884 878 2941 supra
896 2868 1114 2925 memoraverat
1127 2865 1214 2924 vultu
1229 2865 1340 2926 Mitras

321 2954 402 3029 deae,
424 2954 552 3028 indeque
575 2955 655 3013 viam
674 2954 740 3012 sibi.
753 2955 916 3014 munivisse
939 2972 1007 3012 cum
1035 2954 1073 3014 ad
1097 2955 1158 3012 alia
1180 2954 1217 3013 de
1239 2955 1341 3014 triade

324 3062 409 3103 sacra
432 3043 616 3102 ethnicorum
647 3046 822 3119 commenta,
845 3047 910 3102 tum
943 3044 979 3101 ad
1011 3043 1235 3102 celeberrimum
1259 3044 1341 3103 illud

321 3132 512 3210 Pythagorae
532 3136 562 3189 et
583 3132 718 3191 Platonis
741 3131 777 3190 de
799 3132 914 3208 triplici
936 3134 1053 3191 animae
1072 3132 1217 3192 divisione
1239 3133 1340 3209 philo·

322 3221 478 3297 sophema,
515 3221 595 3298 quod
625 3220 657 3278 in
689 3221 727 3280 iis
763 3240 842 3296 quac
874 3223 978 3280 91911111
1009 3225 1175 3298 9999911191
1205 3223 1340 3282 refutare

324 3303 443 3369 studet’.
497 3309 611 3368 Deinde
632 3310 684 3368 vda
720 3310 819 3369 verbis
855 3315 889 3369 ut
924 3315 1041 3370 armatu
1139 3317 1339 3370 conceaatur:

324 3395 434 3458 ‘Verba
455 3399 533 3458 refer
556 3400 593 3457 ad
616 3399 777 3478 imaginem
801 3402 854 3459 aut
876 3401 984 3459 Mitras
1007 3399 1233 3460 autMincrvae
1256 3399 1339 3461 Iovis

322 3491 419 3565 capite
437 3491 527 3547 natae
544 3490 671 3566 virginis
689 3488 857 3562 bellicosae,
881 3507 970 3563 quam
987 3507 1043 3565 pro
1061 3486 1159 3563 „irac“
1178 3480 1230 3570 (cf.
1244 3489 1338 3564 paulo

322 3570 413 3658 inira)
437 3578 550 3652 primas
573 3598 608 3638 911
631 3577 766 3637 Platonis
791 3581 956 3637 commento
985 3579 1101 3636 animae
1124 3578 1232 3653 partis,
1260 3581 1337 3636 tam·

322 3685 412 3742 quam
435 3667 593 3726 simulacro
612 3668 748 3742 posuisse
771 3662 911 3726 videtur'.
953 3667 1011 3726 Res
1034 3667 1154 3725 omnino
1177 3668 1338 3742 perspicua

321 3755 356 3814 fit
379 3756 536 3816 observata
558 3757 683 3831 ratione,
707 3774 767 3832 qua
786 3755 863 3814 alibi
885 3755 917 3814 in
940 3755 1042 3814 eodem
1065 3755 1167 3814 libello
1189 3754 1337 3815 Firmicus
