3100 4359
711 402 763 463 §S
1179 398 1244 454 xm

317 569 347 628 3.
369 586 404 646 a,
428 565 614 643 signavimus
632 585 755 625 manum
779 566 961 641 comestoris,
985 567 1036 642 qui
1059 570 1128 644 post
1142 586 1241 627 excus·
1261 588 1293 640 rr,

225 675 293 716 sum
322 675 341 714 a
363 655 465 715 Flaeio
489 655 620 714 codicem
643 655 708 714 folii
729 656 761 714 5¹
782 655 961 732 scripturam
988 659 1131 730 veterem,
1164 676 1241 733 quae

224 747 357 804 maxima
375 764 410 803 ex
428 747 515 820 parte
534 747 706 817 evanuerat,
727 745 773 802 ita
791 745 956 818 renovavit,
975 747 1017 820 ut,
1041 764 1118 822 quae
1137 745 1241 805 distin·

224 853 316 912 guere
362 835 477 910 posset,
514 851 604 908 quam
645 833 867 892 accuratissime
907 833 1041 894 reficeret
1077 835 1241 895 sententiae

223 923 349 982 minime
375 922 492 982 ratione
518 920 636 994 habita,
667 941 725 997 quo
753 923 867 981 facturn
895 925 953 998 est,
985 925 1021 982 ut
1047 923 1242 984 stultissimae

223 1011 268 1070 ibi
295 1012 428 1087 ineptiae
455 1011 607 1088 legantur,
643 1030 671 1071 v.
700 1010 892 1071 Skutschium
920 1013 938 1070 l.
964 1029 986 1070 a.
1015 1015 1046 1070 et
1078 1031 1155 1088 quae
1188 1031 1241 1074 nos

224 1101 244 1159 1.
264 1119 289 1160 c.
309 1120 339 1176 p.
354 1101 529 1159 279—284
554 1103 584 1159 et
607 1101 671 1158 423
695 1119 738 1175 sq.
762 1101 961 1176 exposuimus.

315 1189 361 1248 De
384 1189 622 1266 orthographicis
645 1207 741 1265 pauca
760 1188 893 1264 dicende,
918 1191 1059 1265 quoniam
1083 1193 1241 1251 accuratis·

225 1281 300 1339 sime
332 1281 436 1338 nostra
467 1277 559 1336 editio
591 1277 671 1336 unici
713 1277 822 1338 codicis
855 1279 1000 1341 lectiones
1035 1279 1141 1341 reddit.
1197 1281 1242 1340 Ex

225 1367 341 1426 Halmii
362 1369 447 1426 textu
470 1370 596 1444 apparet
614 1366 734 1443 quidem
756 1367 932 1443 plerumque
951 1368 1111 1428 aFirmico
1130 1371 1242 1429 formas

224 1476 286 1516 non
315 1455 495 1516 assimilatas
523 1456 649 1532 scriptas
678 1474 749 1530 esse,
777 1456 859 1532 quod
891 1457 982 1516 etiam
1013 1459 1046 1516 in
1073 1459 1241 1518 Matheseos

225 1544 312 1606 libris
326 1546 439 1605 factum
454 1563 517 1606 esse
531 1544 639 1605 Krellii
658 1547 688 1604 et
702 1544 855 1604 Skutschii
868 1545 955 1606 docet
970 1546 1070 1622 editio,
1094 1547 1130 1606 cf.
1150 1549 1242 1607 etiam

225 1635 320 1710 praef.
338 1655 368 1710 p.
382 1633 450 1695 VII.
488 1633 546 1693 Sed
564 1635 725 1712 neglegens
736 1633 878 1706 Halmius
897 1635 943 1696 his
963 1655 1081 1712 quoque
1099 1637 1132 1695 in
1153 1637 1241 1697 rebus

224 1723 295 1799 fnit,
325 1723 402 1782 unde
425 1723 592 1800 compluria
619 1723 682 1783 eius
710 1723 827 1802 generis
855 1743 873 1782 a
900 1724 985 1784 nobis
1009 1729 1141 1786 correcta
1163 1730 1240 1786 sunt.

223 1813 262 1870 ld
283 1831 403 1888 quoque
427 1813 552 1889 egimus,
581 1815 616 1872 ut
638 1813 665 1871 si
687 1813 758 1888 quid
786 1814 819 1870 in
847 1812 946 1872 codice
974 1833 1043 1872 cum
1066 1815 1241 1893 compendio

225 1902 372 1978 scriptum
395 1903 481 1976 esset,
508 1920 574 1960 eam
597 1902 726 1960 formam
748 1901 962 1977 suppleremus,
991 1922 1066 1978 quae
1094 1904 1240 1963 similibus

150 2002 155 2008 '
224 1991 330 2050 formis
371 1988 445 2049 alibi
485 1988 548 2049 sine
589 1989 771 2067 compendiis
811 1991 939 2050 exaratis
978 1993 1240 2055 commendaretur.

227 2078 351 2155 Semper
377 2079 474 2156 igitur
500 2081 671 2156 scripsimus
698 2097 857 2151 conponere
883 2099 938 2156 pro
966 2077 1103 2154 adponere
1133 2083 1241 2142 codicis

226 2169 359 2243 itemque
376 2185 514 2243 conpopo,
537 2185 672 2240 conpore,
692 2169 818 2242 coopello
837 2172 891 2228 cet.
914 2189 968 2245 pro
988 2166 1103 2245 emano,
1127 2171 1241 2244 copore,

226 2253 334 2332 edpelto
356 2262 425 2331 eet,
455 2259 528 2333 quia
551 2257 664 2316 formae
686 2258 763 2316 tales
791 2258 888 2333 qualis
916 2275 1044 2333 eoapupo
1071 2260 1183 2336 passim
1209 2261 1241 2320 in

226 2347 328 2406 codice
346 2347 496 2424 legrmtur,
518 2347 633 2406 formae
651 2347 727 2406 tales
747 2347 845 2421 qualis
869 2365 1004 2422 coeapepo
1027 2367 1182 2425 nusquam.
1197 2381 1242 2392 -

225 2434 410 2511 Compendia
437 2434 512 2495 scito
535 2436 596 2494 nisi
622 2435 676 2495 illa
705 2435 818 2495 usitata
845 2456 905 2495 non
932 2437 1068 2497 inveniri.
1120 2437 1242 2514 Semper

224 2526 288 2585 fere
309 2542 340 2583 m
361 2523 466 2584 finiens
488 2542 542 2600 per
564 2524 772 2600 compendium
794 2525 934 2584 scribitur
951 2527 1031 2586 hune
1052 2527 1086 2587 in
1107 2529 1241 2589 modumr

224 2610 255 2692 d,
275 2613 327 2673 sed
344 2615 447 2690 paucis
465 2613 539 2674 locis
558 2615 649 2672 etiam
669 2614 725 2674 sic:
743 2603 775 2672 el.
788 2645 833 2656 -
847 2631 944 2674 -orcm
961 2615 1066 2676 finiens
1084 2616 1173 2676 modo
1187 2614 1242 2676 ord

224 2701 366 2763 scribitur
387 2702 475 2762 modo
499 2715 558 2766 ort.
576 2734 622 2744 -
644 2720 692 2762 -us
713 2702 819 2762 finiens
846 2703 1021 2781 plerumque
1049 2705 1242 2765 abbreviatur

223 2794 258 2852 in
272 2790 388 2852 dativis
410 2791 536 2866 pluralis
558 2791 614 2852 111.
637 2791 845 2852 declinationis
864 2785 902 2874 (e.
922 2813 949 2870 g.
968 2787 1081 2876 finib),
1110 2813 1178 2854 raro
1209 2797 1241 2853 in

224 2879 338 2940 talibus
357 2879 479 2940 vocibus
499 2881 596 2956 qnah‘s
615 2882 690 2955 οπως
713 2880 766 2956 qd,
795 2872 835 2956 {vd
862 2883 893 2940 et
913 2879 1025 2942 similia
1047 2903 1107 2944 non
1126 2884 1242 2959 crebr03

225 2965 354 3031 semela
372 2987 504 3044 pronon
523 2962 622 3049 (1114
641 2987 701 3029 aon
718 2963 937 3054 macunen),
969 2973 1060 3032 semel
1077 2977 1132 3032 tert
1153 2972 1242 3033 finale

226 3057 450 3119 abbreviatum:
473 3077 497 3119 c.
516 3057 572 3116 XV
592 3059 610 3118 3
633 3061 767 3136 feruet,
782 3079 818 3135 p,
830 3055 905 3136 pap
929 3061 1047 3139 saepius
1066 3081 1156 3138 quam
1174 3080 1242 3138 pro,

220 3167 287 3223 per,
304 3165 399 3222 prae,
421 3165 452 3220 qs
480 3165 595 3224 semper
612 3148 674 3208 fere
691 3166 746 3224 pro
764 3167 836 3222 qua·
867 3167 1015 3227 esemper
1036 3151 1098 3210 fere
1120 3169 1174 3228 pro
1198 3169 1241 3226 ae,

226 3237 279 3298 sed
302 3234 461 3313 aliquoties
484 3254 522 3311 ως
555 3237 591 3296 de
619 3239 726 3298 vocula
753 3242 780 3296 e
801 3257 829 3298 v.
852 3240 945 3315 infra;
977 3239 1103 3316 denique
1127 3259 1242 3316 semper

226 3497 307 3553 bibet
324 3497 360 3565 P,
377 3497 469 3552 Ioum
487 3492 532 3552 ed.
545 3515 596 3566 pr,
614 3515 686 3568 ruga
704 3499 883 3553 membranae
897 3497 1014 3553 inferior
1026 3497 1170 3570 litteraep
1189 3497 1241 3552 cir-

226 3568 306 3624 culus
325 3568 367 3622 ita
385 3567 537 3640 obtegitur,
555 3571 589 3623 ut
607 3569 662 3623 nisi
680 3569 846 3641 diligentius
860 3568 1023 3639 inspexeris,
1043 3571 1132 3625 ionem
1145 3569 1240 3638 potius

224 3639 305 3713 legar
328 3656 415 3712 qnam
436 3642 533 3712 tpaem.
566 3639 665 3694 vms
689 3642 749 3696 cod.
767 3642 810 3695 ita
833 3641 932 3695 habet:
959 3641 1115 3696 aoNcrnr'ae
1137 3639 1240 3695 litteris

225 3731 262 3768 no
279 3712 327 3767 vix
345 3711 461 3768 deletis:
483 3713 516 3766 in
533 3713 642 3767 nomine
660 3714 773 3784 ed.pr.1
793 3743 827 3754 -
846 3710 970 3778 Quorum
989 3710 1094 3766 similia
1113 3711 1241 3781 exempla

224 3783 318 3838 multa
334 3782 418 3837 facile
437 3781 570 3853 colligere
587 3784 688 3852 possis.
