3100 4359
695 400 787 468 §23
1203 402 1256 457 XV

236 572 321 630 Haec
343 573 472 647 primum
495 570 711 648 investiganda.
754 568 813 639 Qui
836 573 915 630 enim
934 572 1031 631 adhuc
1054 571 1089 630 de
1112 571 1255 632 clausulis

237 664 373 738 egerunt,
395 661 426 717 in
451 678 485 718 eo
509 661 609 736 potius
627 659 762 718 studium
786 679 872 720 suum
893 663 1066 737 posuerunt,
1088 663 1124 720 ut
1146 660 1253 736 quibus

236 750 354 828 legibus
378 749 528 808 clausulae
552 749 752 808 formarentur
768 748 956 828 indagarent,
979 769 1069 826 quam
1087 753 1122 809 ut
1145 743 1254 825 quibus

236 837 354 916 periodi
377 838 450 897 locis
473 837 512 895 ad
534 857 672 898 numeros
685 837 778 897 verba
791 839 921 898 solerent
934 841 1050 915 concipi
1065 840 1254 915 quaererent3

237 928 320 1004 quod
343 926 506 987 divinando
520 927 621 1003 potius
644 945 735 1003 quam
753 927 914 1005 diligenter
936 928 1120 988 observando
1143 931 1253 987 statue·

235 1018 319 1077 bant.
365 1015 552 1076 Pertractato
580 1018 675 1094 igitur
701 1017 824 1076 Firmici
851 1017 953 1076 libello
980 1019 1057 1076 hanc
1085 1019 1114 1075 ai
1139 1018 1172 1075 in
1195 1016 1255 1076 dis·

236 1106 382 1183 ponendis
412 1106 555 1165 clausulis
584 1124 754 1181 supremam
783 1105 879 1183 legem
910 1123 972 1166 esse
998 1106 1191 1182 pervidimus,
1220 1108 1255 1165 ut

237 1213 331 1272 quam
366 1197 495 1254 maxima
531 1196 676 1254 orationis
712 1194 845 1254 membra
879 1197 959 1254 inter
995 1215 1026 1254 se
1063 1197 1191 1270 aequata
1221 1196 1254 1253 in

237 1284 388 1344 clausulas
411 1283 528 1343 cadant.
574 1284 767 1343 Rhetoricum
789 1285 846 1343 hoc
872 1289 1064 1361 praeceptum
1086 1302 1153 1342 curn
1175 1302 1254 1342 sum-

237 1393 320 1432 mam
346 1373 466 1449 imperii
496 1376 607 1447 teneat,
638 1375 740 1431 tamen
771 1373 929 1432 verborum
961 1375 1140 1433 sententiam
1171 1373 1254 1432 nullo

237 1463 328 1521 modo
349 1461 468 1540 neglegi
490 1481 577 1537 posse
595 1464 826 1521 consentaneum
845 1464 898 1522 est.
935 1463 1036 1538 Atque
1054 1462 1110 1522 hae
1133 1462 1254 1538 quidem

238 1556 311 1610 suni
333 1552 423 1628 leges,
444 1551 553 1627 quibus
572 1551 721 1610 rhetorica
742 1550 859 1627 periodi
886 1551 1042 1629 dispositio
1066 1570 1134 1612 cum
1156 1569 1253 1629 gram·

236 1641 350 1700 metica
372 1643 525 1700 structma
548 1639 732 1700 conciliatur.

330 1733 358 1789 1.
381 1730 612 1788 Enuntiationes
638 1729 784 1788 relativae
812 1729 860 1787 vel
884 1730 1149 1804 coniunctionales,
1176 1749 1254 1807 quae

238 1818 279 1878 ad
302 1819 498 1894 supplendum
521 1817 702 1878 substantivi
724 1819 772 1878 vel
791 1817 876 1877 verbi
899 1836 1017 1878 sensum
1041 1819 1200 1894 adduntur,
1222 1821 1254 1878 in

237 1927 333 1966 unum
357 1925 425 1966 cum
448 1927 483 1966 oo
506 1908 731 1981 contrahuntur,
754 1907 838 1966 volut
860 1907 929 1966 115
953 1907 1083 1968 Frustra
1106 1910 1157 1968 tibi
1179 1909 1255 1967 liure

239 2015 350 2069 aarum
363 2014 452 2068 quom
465 1999 535 2056 eolis
549 1989 697 2079 (-o..c.),
715 2001 808 2070 palas
822 1997 981 2070 aliquando
989 1999 1137 2071 prodesse.
1160 1997 1220 2057 VII
1235 2002 1251 2056 1

237 2086 321 2144 dives
338 2087 465 2144 melicus
483 2088 531 2144 cui
543 2090 664 2160 propre
682 2086 802 2144 diculus
819 2086 927 2144 Platea
943 2087 1003 2158 fuit
1018 2104 1123 2145 uomere
1136 2081 1253 2170 μην)

237 2175 286 2234 ΠΙ
301 2175 387 2233 {ised
396 2175 450 2233 lecc
459 2177 525 2249 ocis
535 2179 570 2233 ut
579 2177 689 2234 erraras
700 2175 823 2234 luctibus
837 2179 992 2248 occupatus
1001 2166 1155 2257 (mmm)
1165 2171 1255 2236 citum

238 2281 353 2336 semper
374 2266 475 2338 furius
496 2268 616 2323 mortem
637 2267 773 2337 requiras
789 2256 969 2345 (nc.-c...)
1006 2264 1042 2322 In
1065 2264 1123 2324 fine
1145 2265 1253 2324 talium

239 2354 480 2413 enuntiationum
499 2353 632 2412 clausula
650 2353 786 2431 ponitur,
811 2352 870 2411 nisi
888 2371 954 2412 cum
974 2351 1133 2413 admodum
1151 2355 1254 2414 breves

238 2445 318 2516 sunt,
337 2443 420 2501 velut
437 2442 493 2500 XV
508 2445 527 2501 2
548 2461 613 2501 eum
631 2445 715 2502 ouius
732 2444 826 2515 filiam
840 2443 959 2516 petebat
975 2443 1083 2515 fraude
1095 2445 1254 2518 proditoris

238 2531 350 2598 meida,
382 2532 432 2590 vel
463 2549 531 2590 cum
560 2531 623 2591 eius
653 2533 868 2592 enuntiationis
897 2530 986 2591 finem
1015 2533 1110 2591 totius
1139 2533 1254 2608 periodi

237 2620 309 2679 linis
332 2619 536 2697 subsequitum
569 2622 602 2679 in
633 2640 724 2680 unam
758 2621 837 2680 enim
869 2624 940 2679 tunc
970 2621 1137 2680 clausulam
1167 2622 1254 2681 ambo

238 2710 415 2785 saepissime
437 2710 627 2788 colliguntur,
650 2711 733 2770 velut
755 2709 799 2768 IV
820 2710 837 2768 3
862 2711 935 2770 uitii
957 2712 1103 2768 comacum
1125 2705 1255 2784 referetis

238 2799 318 2872 quod
339 2799 412 2857 deas
433 2801 485 2872 cui
506 2815 557 2858 cos
579 2801 646 2872 fecit
668 2791 834 2881 acrescat(
835 2830 924 2860 .....
925 2791 946 2880 ).

332 2889 351 2945 2
382 2887 613 2946 Enuntiationos
646 2906 722 2962 quae
752 2888 937 2948 adverbiales
966 2891 1113 2947 vocantur
1141 2909 1194 2965 per
1223 2908 1254 2948 se

238 2977 417 3053 plerumque
439 2976 498 3035 coli
519 2977 617 3036 instar
644 2980 716 3035 sunt
737 2977 874 3036 clausula
895 2977 1048 3052 instructi,
1075 2979 1134 3038 nisi
1161 2979 1254 3037 nimia

239 3084 344 3125 earum
370 3065 517 3125 brevitate
544 3084 612 3124 cum
638 3065 774 3126 finitimis
801 3066 899 3126 verbis
929 3085 978 3126 eas
1001 3067 1033 3126 in
1060 3087 1154 3125 unum
1178 3085 1253 3127 com·

239 3157 365 3214 miscere
391 3155 557 3214 rhetoricae
584 3156 794 3215 concinnitatis
826 3155 941 3233 legibus
972 3158 1100 3232 scriptor
1127 3158 1253 3235 cogitur.

239 3243 388 3319 Exempla
410 3243 470 3302 sint
492 3244 577 3303 haec:
609 3244 677 3303 112
702 3244 765 3302 Isis
787 3244 939 3318 repudiato
956 3246 1068 3318 Tyfoea
1089 3250 1124 3304 rt
1145 3250 1171 3304 et
1191 3249 1255 3319 fra»

239 3339 315 3391 trem
336 3334 471 3406 sepeliret
491 3338 517 3392 et
538 3335 685 3406 conamur
709 3324 853 3414 (-c..c.),
877 3333 1010 3392 adhibuit
1030 3336 1087 3394 sibi
1108 3335 1255 3408 Nepllrum

239 3438 370 3480 sororem
399 3424 509 3480 maium
540 3425 568 3480 et
596 3419 733 3480 Anubem
754 3427 927 3481 renumerat.
968 3423 1052 3482 1113
1083 3425 1122 3484 Ul
1139 3427 1255 3498 qrclics

235 3527 295 3585 pro
321 3513 433 3570 rasoris
458 3511 596 3584 fracibus
621 3528 694 3585 acas
720 3512 821 3570 alaim
848 3502 1037 3593 (mmo),
1066 3518 1100 3571 ct
1122 3513 1255 3587 caudens

238 3599 366 3674 nunes.

332 3690 361 3748 3.
384 3687 614 3748 Enuntiationes
637 3688 827 3748 coordinatus
854 3708 969 3766 semper
994 3691 1056 3748 fero
1079 3695 1255 3766 separantur

239 3777 378 3838 clarrsula
389 3777 576 3853 interposita.
608 3777 748 3854 Exempli
761 3779 860 3856 gratia
873 3779 1006 3838 conferas
1021 3778 1052 3838 H
1067 3781 1085 3838 2
1098 3827 1103 3839 .
1114 3827 1120 3840 .
1133 3827 1138 3839 .
1153 3782 1255 3840 sceau
