3100 4359
370 388 418 441 DE
436 388 584 443 ERRORE
602 388 706 445 PROF.
721 390 800 445 ΗΕΒ.
821 390 896 447 CAP.
911 391 1036 444 lX-XH
1164 392 1206 456 27

280 556 437 616 sebazium
464 559 595 618 colentes
621 558 732 631 Iovem,
761 578 888 637 anguem
917 578 982 617 cum
1006 561 1131 619 initiant
1144 580 1208 636 ‘per

195 648 287 704 sinum
316 645 436 707 ducunt.
481 647 588 707 Adhuc
614 647 704 723 primi
732 650 840 707 erroris
868 648 944 707 vitia
970 657 1153 726 grassantur,
1177 653 1207 708 et

194 736 326 810 quicquit
348 736 482 795 homines
505 736 635 811 perdidit
654 737 770 810 colitur,
790 740 820 795 et
839 738 951 796 funesti
970 740 1077 815 anguis
1096 738 1207 797 callida

193 842 226 881 ac
246 825 400 884 malitiosa
422 825 584 885 crudelitas
608 826 758 885 adoratur.

168 933 179 971 s
277 913 330 971 XI.
353 913 389 971 In
412 914 504 973 sacris
529 914 731 990 Corybantum
754 914 948 989 parricidium
973 916 1089 975 colitur.
1126 916 1205 975 Nam

191 1021 264 1060 unus
287 1004 383 1061 frater
405 1023 423 1060 a
450 1002 566 1062 duobus
593 1005 788 1078 iuteremptus
817 1007 870 1077 est,
899 1006 929 1062 et
956 1023 993 1062 ne
1021 1005 1100 1080 quod
1127 1005 1205 1063 indi-

190 1092 268 1149 cium
286 1111 389 1149 necem
408 1093 558 1151 fraternae
576 1095 682 1151 mortis
696 1093 835 1168 aperiret,
849 1093 903 1151 sub
917 1093 1068 1153 radicibus
1083 1092 1206 1169 Olympi

189 1182 299 1239 montis
327 1182 529 1255 aparricidis
551 1181 695 1241 fratribus
719 1185 915 1241 consecratur.
961 1182 1050 1241 Hunc
1080 1182 1205 1242 eundem

188 1269 384 1328 Macedonum
414 1270 485 1330 colit
513 1271 608 1329 stulta
634 1272 797 1346 persuasio.
843 1270 901 1329 Hic
928 1273 974 1331 est
1003 1270 1127 1331 Cabirus
1155 1272 1205 1331 cui

153 1378 177 1417 m
189 1358 468 1418 Thessalonicenses
492 1359 642 1434 quondam
665 1363 788 1426 cruento
815 1360 945 1419 cruentis
970 1361 1107 1420 manibus
1137 1380 1204 1436 sup·
1220 1373 1266 1423 (⁹2)

188 1447 349 1522 plicabant.
367 1441 369 1528 l
388 1446 643 1507 Considerandum
677 1450 780 1524 itaque
814 1451 859 1508 est
891 1449 979 1524 quale
1012 1450 1052 1509 sit
1085 1470 1204 1525 numen,
1215 1466 1254 1511 su.
1266 1464 1308 1501 nr

189 1536 268 1611 quod
294 1536 484 1612 parricidalis
508 1537 640 1595 amentia
666 1540 701 1596 ut
726 1536 923 1612 parricidium
947 1539 1057 1597 celaret
1081 1539 1204 1599 invonit.

276 1625 343 1683 ΧΠ
368 1626 557 1702 Quapropter
579 1628 759 1702 quicumque
783 1628 857 1685 haec
875 1645 959 1687 sacra
979 1628 1088 1687 devota
1106 1631 1204 1687 mente

189 1717 357 1789 veneratur,
381 1716 555 1790 cuicumque
578 1714 677 1789 placet
699 1716 921 1790 superstitionis
939 1716 1027 1775 istius
1045 1717 1205 1775 metuenda

151 1824 174 1863 u
188 1805 338 1881 contagio,
353 1808 406 1863 aut
422 1799 524 1881 (diis)
542 1806 604 1863 suis
623 1804 767 1864 solacium
787 1806 913 1880 quaerit,
932 1809 985 1864 aut
1003 1806 1137 1865 facinora
1157 1825 1204 1865 eo-

186 1914 253 1951 rum
267 1894 364 1951 tacita
377 1892 561 1973 cogitatione
576 1893 745 1966 conlaudat,
758 1894 815 1952 hoc
830 1897 955 1969 optans·
970 1894 1026 1953 hoc
1045 1910 1203 1971 quaereus·

186 1983 242 2040 hoc
270 1981 375 2057 utique
402 2001 583 2059 magnopere
610 1981 790 2056 desiderans,
818 1985 853 2041 ut
881 1986 910 2041 et
933 1983 990 2041 sibi
1013 1984 1102 2043 liceat
1125 1984 1204 2061 quod

187 2071 245 2131 diis
270 2072 332 2129 suia
355 2071 450 2145 licuit,
474 2075 509 2130 ut
527 2075 557 2130 et
575 2090 606 2130 se
626 2070 664 2129 ad
683 2074 866 2131 consortium
888 2072 960 2131 talis
983 2075 1064 2132 vitae
1088 2093 1203 2132 morum

186 2160 352 2220 similitudo
379 2160 532 2235 perducat.
577 2160 735 2219 Adulterio
762 2161 929 2221 delectatur
952 2161 1076 2237 aliquis:
1102 2160 1239 2221 10v0m2

149 2269 173 2308 m
186 2251 318 2323 respicit,
342 2248 464 2308 atinde
491 2250 665 2325 cupiditatis
688 2268 759 2309 suae
782 2250 915 2309 fomenta
939 2252 1100 2327 conquirit3
1133 2251 1204 2310 Pro-

187 2339 239 2397 bat
266 2340 405 2397 imitutur
432 2341 461 2398 et
489 2339 602 2414 laudat,
631 2339 711 2413 quod
738 2340 810 2399 deus
838 2358 907 2398 suus
935 2341 966 2397 in
995 2358 1091 2418 cygno
1115 2340 1204 2417 fallit,

277 2471 293 2524 1
313 2471 431 2525 initiant
448 2474 532 2527 PBu
543 2475 601 2540 Hc,
624 2472 775 2526 initiantur
793 2474 832 2526 Fl
855 2480 880 2526 et
898 2475 1036 2529 Dietericb
1056 2476 1203 2542 (Mithrac-

187 2544 299 2613 le'turyie
312 2562 342 2612 p,
359 2544 435 2610 123¹,
454 2546 489 2611 ef.
506 2545 549 2599 Fr
562 2563 593 2613 p.
607 2548 671 2611 21).·
690 2550 720 2598 ul
738 2551 763 2598 et
782 2546 913 2599 obiectum
926 2546 1058 2610 facillime
1076 2548 1205 2614 suppleas

185 2622 210 2668 et
228 2631 348 2684 umquem
365 2617 445 2670 illum
463 2632 520 2671 uou
538 2618 573 2671 ub
592 2618 660 2685 ebrie
679 2618 773 2687 mystis
792 2617 940 2670 luitiuuele's
954 2633 1005 2683 per
1027 2619 1119 2671 uuum
1138 2620 1202 2673 eluc-

185 2692 246 2739 tum
265 2702 327 2752 ease,
349 2688 397 2741 red
414 2688 585 2742 sacerdotum
603 2689 689 2753 fuisse
706 2690 755 2742 boe
772 2694 974 2742 sucrumeutum
996 2689 1203 2757 ccuyteteudum,

185 2764 218 2811 ul
235 2775 266 2811 re
279 2764 365 2825 putet,
383 2760 424 2811 eta
443 2760 513 2826 apsis
527 2758 670 2813 Clementis
684 2759 876 2813 Alexuuelriui
893 2760 980 2813 uerbis
998 2776 1065 2828 quoe
1083 2761 1205 2826 ufferuut

180 2830 301 2897 probari
316 2830 432 2895 viduum,
452 2832 587 2898 Protrept.
602 2831 641 2883 ΙΙ
651 2835 696 2895 16,
704 2834 732 2895 2,
746 2849 777 2899 p.
793 2834 836 2896 13,
848 2834 884 2883 18
903 2830 1025 2885 Stultum:
1054 2829 1203 2902 Σαβαζίων

186 2908 257 2968 γοῦν
275 2897 432 2969 μυστηρίων
451 2899 590 2993 σύμβολον
612 2910 672 2964 τοῖς
694 2899 862 2970 μυουμένοις
881 2899 895 2954 ὁ
920 2900 969 2955 διὰ
991 2900 1097 2957 κόλπου
1121 2900 1202 2965 θεός·

187 2971 301 3036 δράκων
320 2969 353 3025 δέ
372 2971 446 3025 ἐστιν
465 2992 546 3033 ουτος
565 2971 742 3041 διελκόμενος
759 2980 809 3026 τοῦ
828 2971 935 3027 κόλπου
952 2982 1008 3026 τῶν
1023 2972 1202 3041 τελουμένων.

188 3043 232 3107 Os.
247 3043 351 3097 Aruob.
372 3044 459 3097 1⁷21:
478 3042 611 3113 (Schedia
635 3046 723 3111 sacra)
742 3044 772 3095 in
796 3042 897 3110 quibus
922 3060 1022 3098 aureus
1041 3044 1156 3098 coluber
1174 3044 1204 3099 in

187 3113 281 3166 sinum
300 3114 460 3168 demittitur
479 3114 647 3169 consecratis
666 3118 695 3168 et
713 3114 846 3168 eximitur
864 3133 958 3169 rursus
973 3115 1009 3169 ab
1024 3115 1203 3171 inferioribus

188 3184 317 3253 partibus
341 3188 426 3253 atque
450 3186 522 3239 imis.
560 3188 650 3255 Atque
673 3188 756 3239 etium
778 3187 904 3255 rhythmo
928 3189 1065 3243 leetlouem
1088 3186 1204 3242 initiant

188 3256 349 3322 confirmari
366 3263 454 3311 muel
473 3258 523 3312 Cle:
541 3274 741 3311 ωυ--υ--ῡ.
852 3256 869 3311 8
888 3257 1047 3326 parricidiis
1066 3261 1100 3313 P.

188 3327 208 3377 s
228 3328 341 3397 gabirus
355 3330 390 3394 P,
404 3346 452 3383 em.
468 3327 526 3384 Wo.
579 3325 581 3330 ’
637 3329 675 3384 lu
693 3329 808 3383 cruento
824 3328 915 3401 <ore>
931 3332 988 3397 Hu,
1002 3332 1049 3386 sed
1062 3348 1085 3385 u.
1102 3332 1146 3386 Fr
1158 3335 1202 3387 21.

190 3397 227 3452 11
247 3400 432 3468 duramen
451 3401 515 3455 adet.
535 3402 570 3467 ef.
586 3406 629 3467 11,
641 3405 666 3454 7.
740 3398 777 3453 12
797 3400 902 3455 coleret
916 3419 970 3471 pro
989 3402 1093 3458 celaret
1107 3404 1165 3458 Wo.

192 3467 230 3522 14
249 3471 400 3542 supstionis
419 3473 453 3526 P.
532 3471 570 3525 15
589 3472 644 3525 diis
663 3472 700 3526 sk
718 3474 750 3526 cl.
767 3476 848 3538 7,29.
871 3476 951 3538 21‚3.
970 3477 1015 3539 24,
1027 3478 1069 3528 15.
1088 3479 1134 3539 29,
1153 3479 1187 3528 11
1193 3495 1203 3540 ;

190 3540 272 3595 mulis
290 3544 317 3596 P
333 3549 359 3597 et
371 3560 417 3611 pr.
455 3543 503 3595 Au
526 3542 609 3597 malis
633 3544 778 3598 teueuelum
799 3546 843 3610 (el.
862 3548 968 3611 28,19)
988 3551 1012 3597 el
1030 3562 1084 3613 pro
1108 3560 1203 3598 eorum

189 3614 360 3735 {elrrbeudum
379 3614 494 3667 deorum
512 3622 545 3668 ut
562 3614 676 3680 40,10?
794 3614 832 3667 lo
852 3616 877 3669 el.
888 3633 918 3683 p.
939 3617 1039 3683 optans
1058 3615 1122 3669 cdd.

248 3684 387 3737 imitatur
408 3688 437 3738 et
454 3686 488 3738 P.

280 3790 316 3844 12
336 3792 372 3858 ef.
386 3791 425 3845 ad
444 3795 490 3857 38,
501 3797 525 3845 4.
