3100 4359
694 394 745 452 §ll
1117 388 1231 442 XXXIX

226 556 322 614 statim
352 557 522 616 litterarum
554 559 584 615 in
619 556 718 616 codice
747 557 876 633 vestigia
905 557 992 633 plane
1015 560 1047 616 in
1071 577 1136 616 eam
1159 575 1231 632 qua·

226 644 305 704 drare
327 647 528 723 cognorimus.
566 645 717 704 Adiectivi
738 646 878 704 malitiae.
902 649 1063 705 extremam
1090 647 1232 721 litteram,

224 753 295 809 quae
318 738 406 794 antea
429 753 448 794 a
471 734 635 812 legebatur,
658 736 736 793 certe
755 734 899 810 dispicere
918 754 976 794 non
1000 735 1161 812 potuimus,
1181 734 1233 794 sed

223 823 347 882 duarum
369 824 525 884 hastarum
543 824 670 900 vestigia
688 843 748 882 non
766 825 909 882 malitiose
928 823 1055 898 (famis),
1078 824 1130 883 sed
1146 823 1233 882 mali·

221 905 294 970 tiore}
317 905 436 986 (critiri)
466 913 664 989 supplendum
694 930 757 971 esse
787 912 1029 989 comprobabant.
1076 913 1134 970 Vix
1158 932 1232 989 opus

220 1003 264 1060 est
284 1020 417 1075 monere,
447 1005 477 1060 et
507 1003 651 1078 optimam
679 1001 845 1061 clausulam
868 1002 910 1061 sic
933 1001 1012 1061 effici
1035 994 1179 1083 (ηυυυυ)
1203 1005 1233 1061 et

219 1094 398 1152 strumuram
426 1090 506 1166 apud
536 1091 697 1149 Firmicum
726 1091 962 1150 usitatissimam.
1015 1091 1093 1150 Nam
1122 1095 1152 1150 et
1175 1109 1233 1150 vox

221 1183 339 1238 miliia»
358 1181 394 1240 ab
418 1199 453 1239 eo
476 1181 647 1255 saepissime
670 1179 709 1238 ad
727 1179 913 1239 efficiendam
932 1181 1097 1239 clausulam
1119 1183 1152 1240 in
1174 1180 1232 1237 fine

219 1270 275 1327 coli
297 1269 420 1345 ponitur
443 1260 613 1350 (duodecies
640 1271 672 1326 in
695 1288 754 1327 uno
778 1268 880 1327 libello
903 1269 939 1328 de
963 1261 1089 1348 errore),
1113 1273 1144 1328 et
1161 1269 1232 1328 talis

219 1360 281 1416 eius
302 1359 386 1418 vocis
409 1377 477 1417 cum
500 1360 638 1435 genetivo
662 1358 840 1433 explicativo
869 1361 1019 1418 structura
1042 1361 1106 1417 tam
1130 1358 1232 1417 crebra

218 1450 262 1506 est
293 1451 329 1506 ut
359 1447 491 1506 taedium
514 1450 632 1506 moveat
664 1437 715 1527 (cf.
741 1447 783 1506 Ol.
807 1449 923 1521 Mcore,
955 1447 1056 1506 Julius
1088 1448 1233 1507 Firmicus

218 1536 381 1611 Maternus,
404 1535 456 1594 der
478 1535 572 1618 Heide
595 1535 657 1594 und
679 1536 732 1594 der
754 1535 863 1610 christ,
882 1535 979 1595 Mchn.
1005 1538 1099 1610 1897,
1117 1557 1145 1612 p.
1167 1527 1233 1615 22),

218 1627 248 1683 ct
278 1626 352 1685 talis
383 1625 539 1684 verborum
573 1624 729 1684 collocatio
760 1626 864 1685 multis
894 1625 966 1684 locis
995 1625 1233 1702 deprehenditur,

217 1715 299 1774 velut
335 1713 440 1772 XVHI
467 1715 485 1772 6
527 1731 680 1772 carosam
715 1715 902 1788 paupertatis
941 1715 1072 1774 imminet
1106 1717 1233 1787 pondus.

217 1802 308 1862 Math.
336 1805 475 1877 274,14
498 1803 746 1862 matisoioleata
773 1805 900 1862 deceruit
926 1804 1029 1864 scitia
1053 1803 1104 1863 fol.
1127 1803 1234 1862 LXIXv

216 1893 271 1951 col.
293 1893 328 1951 Π
350 1913 378 1951 v.
404 1893 444 1951 18
468 1894 555 1950 cilum
576 1895 678 1950 mortae
695 1897 898 1966 praeparatur
920 1894 1048 1952 mitaaa
1092 1892 1235 1951 LXXHl'

216 1981 271 2040 col
294 1981 312 2041 I
334 1985 402 2040 v.5
431 1983 548 2040 cariaco
575 1983 751 2040 calamitatis
783 1985 895 2055 eaaryit
926 1984 1052 2041 critiam.
1099 1981 1235 2040 LXXIVT

216 2071 269 2129 13
307 2072 439 2130 mercae
474 2073 704 2144 infortuniorum
740 2073 935 2129 decmaaaiar
970 2073 1066 2130 exitia.
1113 2071 1235 2129 Lxxv‘

215 2159 303 2218 136.
328 2161 380 2218 42.
426 2158 651 2217 Lxxvvlrr.
693 2158 831 2218 LXXXIv
849 2160 864 2217 l
884 2161 925 2218 34
950 2163 1005 2219 cet.
1042 2160 1179 2236 Denique
1198 2160 1234 2218 de

216 2267 315 2308 errore
335 2248 420 2312 XXV
434 2251 464 2321 3,
483 2268 571 2323 quem
593 2247 693 2306 locum
716 2268 744 2324 p.
764 2249 864 2307 XXIV
886 2252 964 2308 recte
989 2267 1007 2307 a
1029 2249 1114 2308 nobis
1138 2269 1234 2308 emen·

216 2337 322 2397 datum
346 2356 410 2397 esse
432 2356 509 2396 nunc
533 2355 592 2396 uon
615 2336 746 2415 negabis.
765 2370 810 2378 -
833 2336 939 2397 Cetera
961 2341 1039 2397 recte
1063 2357 1093 2397 se
1116 2337 1235 2411 hubent,

216 2430 251 2485 ut
280 2427 301 2485 l.
326 2445 350 2485 c.
374 2447 402 2502 p.
429 2428 491 2485 287
524 2428 726 2501 exposuimus,
757 2427 817 2486 nisi
850 2427 930 2501 quod
959 2447 1013 2503 pro
1036 2429 1068 2486 ira
1093 2445 1236 2486 carcerem

215 2518 370 2590 abreptas,
403 2520 436 2574 ut
472 2518 545 2574 tunc
581 2516 739 2574 lectionem
771 2520 899 2588 areptus
931 2516 1158 2592 supplebimus,
1187 2535 1235 2575 ar-

215 2608 317 2678 reptus
339 2606 371 2664 in
395 2605 494 2663 codice
518 2608 632 2664 exstare
656 2604 797 2678 vidimus,
823 2623 900 2680 quae
922 2625 981 2665 vox
1004 2604 1095 2665 semel
1116 2607 1149 2664 in
1172 2607 1235 2664 Ma-

214 2695 298 2754 thesi
333 2693 425 2753 simili
460 2693 548 2753 modo
581 2696 742 2768 usurpatur
773 2686 966 2774 (LXXVl'I
995 2696 1035 2754 29
1053 2741 1059 2753 .
1075 2742 1080 2754 .
1098 2712 1236 2753 acorem

214 2786 281 2844 aias
305 2784 379 2842 alter
400 2784 536 2841 violenter
566 2775 716 2863 arripiet),
746 2801 814 2842 cum
843 2783 976 2857 abripere
1006 2783 1085 2859 quod
1108 2785 1235 2843 sciamus

214 2890 370 2947 nusquam
387 2871 420 2930 in
437 2871 565 2930 Muthesi
585 2871 769 2944 adhibeatur,
784 2875 815 2931 ct
834 2872 913 2947 quod
931 2873 1036 2940 cliviae,
1056 2891 1116 2931 uon
1134 2874 1236 2932 cliviae

217 2961 362 3022 accdice
385 2960 547 3029 exhibetur,

311 3048 451 3125 Sequitur
474 3050 541 3109 folii
567 3052 620 3107 17τ
642 3051 763 3109 initium
787 3051 951 3109 miserrime
975 3049 1133 3126 adfectum,
1157 3051 1236 3126 quod

216 3141 237 3198 1.
257 3159 285 3200 c.
304 3159 333 3216 p.
352 3139 416 3197 288
449 3141 492 3198 sic
514 3137 731 3198 reficiebamur:
760 3139 879 3208 Vicera,
911 3143 944 3198 al
966 3144 1074 3200 cestros
1097 3159 1236 3200 commea

218 3230 303 3289 tia-ios
334 3232 361 3287 et
387 3230 469 3300 fictos
498 3228 566 3287 deos
595 3229 777 3287 camelarias
808 3246 889 3288 error
912 3231 1058 3302 exceptat,
1082 3234 1116 3290 at
1136 3248 1236 3304 raper-

217 3317 386 3377 stitioaibas
417 3317 547 3376 anilibus
579 3322 606 3375 ct
635 3319 748 3390 formae
780 3319 863 3377 uobis
893 3319 1012 3376 deorum
1035 3319 1237 3379 tradaaterrct

217 3407 350 3466 acauno.
394 3406 437 3464 At
468 3407 548 3465 inter
574 3410 607 3464 at
635 3409 666 3465 et
695 3408 904 3465 commenticios
931 3405 1007 3464 nihil
1035 3409 1108 3465 corti
1130 3407 1237 3483 dispici

219 3497 331 3572 potest,
355 3499 385 3554 et
408 3513 475 3553 cum
499 3493 604 3553 deinde
626 3495 710 3554 robis
733 3499 762 3554 et
786 3496 865 3554 clare
887 3496 1006 3572 legatur
1028 3495 1060 3552 iu
1083 3495 1183 3553 codice
1207 3499 1237 3554 et

219 3588 253 3644 in
271 3584 395 3642 Firmici
416 3583 505 3643 huius
527 3585 587 3643 loci
609 3585 693 3643 fonte
714 3583 861 3643 maditum
880 3586 927 3657 sit,
951 3583 1100 3644 Ciceronis
1124 3583 1237 3643 scilicet

221 3675 258 3733 de
281 3675 390 3732 natura
413 3673 535 3732 deorum
557 3672 634 3734 libro
656 3672 689 3732 H
719 3665 760 3754 (v.
786 3672 978 3733 Skutschium
999 3672 1019 3730 l.
1044 3690 1068 3731 c.
1096 3691 1123 3748 p.
1149 3669 1236 3751 267),

220 3782 280 3822 uox
297 3766 415 3831 raetos,
438 3781 515 3838 quae
538 3763 602 3821 sola
619 3762 716 3822 Flacii
737 3764 847 3822 nititur
869 3763 1057 3835 auctoritate,
1076 3765 1154 3820 stare
1178 3782 1237 3820 non
