3100 4359
316 392 362 447 un
381 393 528 449 essone
547 394 649 449 reos.
665 395 744 449 sun.
763 393 839 449 eru.
856 392 1094 447 XXVIII-XXIX
1161 367 1206 457 '81

282 563 385 624 xm
417 563 476 623 Sed
495 567 526 623 et
544 564 628 624 vobis
646 565 842 624 sacratissimi
864 565 1059 639 imperatores
1083 562 1121 622 ad
1144 561 1207 621 vin·

202 650 352 711 dicandum
369 657 401 712 et
418 652 603 728 puniendum
621 654 678 713 hoc
696 654 810 713 malum
832 652 992 713 necessitas
1012 653 1186 728 imperatur,
1202 644 1259 733 lje.
1270 665 1315 707 ³2·

202 743 228 798 et
256 742 310 801 hoc
340 742 424 801 vobis
457 742 505 802 dei
537 743 644 803 summi
676 742 742 820 lege
773 742 973 818 praecipitur,
1005 744 1039 802 ut
1066 742 1208 802 severitas

200 833 292 891 sesua
314 830 472 891 idolatriae
495 832 611 891 facinus
635 832 826 891 omnifariam
849 834 1053 907 persequatur.
1096 829 1208 891 Audite

179 922 226 979 eet
246 921 437 980 conmendate
460 922 570 981 sanctis
593 922 727 981 sensibus
749 921 871 995 vestris,
899 920 972 997 quid
995 919 1031 979 de
1054 921 1113 977 isto
1136 920 1208 977 faoi·

199 1026 263 1067 nore
280 1009 353 1069 deus
370 1010 482 1070 iubeat.
513 1010 550 1069 In
568 1010 800 1070 Deuteronomio
824 1010 872 1069 lex
889 1011 950 1069 istu
968 1010 1134 1091 perscripta
1153 1012 1208 1082 est,

200 1100 237 1156 sit
258 1100 349 1159 enim:
374 1093 526 1168 ‘Quodsi
549 1102 737 1179 rogaverit
758 1102 793 1159 te
817 1100 1050 1170 ductortuus,
1078 1102 1140 1157 aut
1162 1098 1206 1156 fi-

198 1186 262 1247 lius
289 1193 386 1264 tuus,
409 1191 472 1247 aut
493 1208 583 1249 uxor
604 1192 667 1247 tua
690 1208 780 1265 quae
803 1193 857 1249 est
878 1190 915 1247 in
938 1187 1019 1247 sinu
1041 1191 1117 1262 tuo,
1145 1190 1208 1246 aut

198 1276 325 1339 amicus
344 1279 426 1337 tuus
446 1278 506 1353 qui
524 1282 579 1337 est
597 1278 763 1354 aequalis
779 1278 918 1337 animae
937 1280 1034 1351 tuae,
1048 1277 1208 1336 latenter

168 1364 326 1426 redicens:
345 1386 465 1426 eamus
479 1370 515 1427 et
528 1370 727 1427 serviemus
747 1368 818 1426 diis
837 1366 923 1427 aliis
942 1366 1013 1426 diis
1032 1365 1207 1443 gentium,

196 1473 258 1513 non
285 1458 491 1517 consenties
519 1456 565 1531 ei,
596 1461 631 1516 et
657 1476 727 1515 non
755 1456 926 1516 exaudies
954 1476 1043 1531 eum,
1077 1458 1112 1513 et
1138 1474 1207 1515 non

196 1549 315 1617 parcet
338 1546 462 1605 oculus
485 1550 568 1606 tuus
592 1564 698 1621 super
720 1565 797 1606 eum
820 1548 855 1605 et
877 1565 947 1604 uon
965 1544 1101 1605 celabis
1120 1564 1205 1604 eum.

195 1633 419 1694 Adnuntians
447 1633 683 1695 adnuntiabis
710 1634 752 1693 de
778 1634 859 1711 illo;
893 1654 1015 1695 manus
1046 1637 1108 1693 tua
1136 1634 1207 1693 erit

195 1738 294 1799 super
322 1744 399 1783 eum
431 1726 468 1783 in
499 1726 627 1799 primis
658 1724 871 1784 interficere
899 1742 988 1797 eum,
1021 1727 1055 1781 et
1082 1742 1205 1782 manus

163 1832 183 1871 rs
196 1817 302 1873 omnis
325 1813 453 1889 populi
475 1818 669 1889 postremo,
692 1817 727 1873 et
750 1813 970 1890 lapidabunt
988 1832 1064 1873 eum
1082 1816 1118 1872 et
1134 1831 1205 1872 mo·

194 1902 318 1976 rietur,
351 1902 518 1978 quoniam
549 1902 734 1979 quaesivit
761 1906 926 1962 avertere
954 1904 988 1961 te
1017 1920 1035 1961 a
1063 1902 1205 1961 domino

194 1987 270 2050 tuo'
307 1992 370 2051 Nec
392 1991 455 2051 filio
478 1992 562 2052 iubet
583 1995 678 2069 parci·
693 2011 747 2052 nec
765 1992 862 2066 fratri,
885 1994 916 2051 et
938 2010 993 2067 per
1015 1994 1116 2051 amata
1138 2002 1241 2050 con-2

194 2079 266 2157 iugis
294 2080 428 2140 membra
458 2080 593 2159 gladium
619 2081 768 2141 vindicem
791 2081 881 2140 ducit.
926 2080 1065 2140 Amicum
1089 2100 1206 2157 quoque

193 2168 312 2229 sublimi
334 2171 493 2230 severitate
517 2172 719 2247 persequitur,
746 2175 777 2229 et
806 2171 844 2229 ad
871 2170 1065 2245 discerpenda
1088 2170 1205 2229 sacrile-

160 2276 292 2333 ugorum
326 2278 452 2336 corpora
483 2260 578 2319 omnis
610 2260 739 2336 populus
769 2263 911 2319 armatur.
956 2259 1086 2336 Integris
1114 2261 1205 2318 etiam

193 2347 363 2409 civitatibus
391 2350 471 2407 siin
498 2349 557 2408 isto
580 2350 695 2409 luerint
721 2350 852 2409 facinore
876 2349 1085 2425 deprehensae,
1108 2348 1206 2407 decer-

192 2442 299 2497 nuntur
327 2438 455 2511 excidia,
482 2441 513 2498 et
535 2441 570 2497 ut
596 2440 652 2499 hoc
679 2438 868 2515 providentia
895 2442 995 2498 vestra
1017 2439 1205 2497 manifestius

192 2524 296 2602 meat,
326 2527 506 2587 constitutae
533 2528 609 2604 legis
637 2529 816 2587 sententiam
839 2529 996 2604 proferam.
1043 2527 1080 2585 In
1103 2527 1206 2586 eodem

192 2613 264 2675 libro
292 2618 419 2694 integris
447 2616 621 2677 civitatibus
649 2636 778 2693 poenam
804 2617 940 2675 dominus
963 2618 1020 2675 hae
1043 2635 1114 2675 vooe
1137 2634 1205 2675 oon-

159 2705 304 2781 ustituit,
328 2707 373 2765 eit
396 2707 488 2765 enim:
517 2701 601 2766 ‘Aut
624 2708 655 2766 si
678 2706 839 2768 audieris
862 2708 898 2765 in
920 2725 990 2765 una
1012 2725 1051 2765 ex
1074 2706 1204 2767 civita·

192 2794 286 2855 tibus
305 2814 394 2871 quas
417 2796 582 2856 dominus
606 2796 691 2855 deus
714 2799 798 2854 tuus
822 2795 884 2854 dat
906 2795 977 2854 tibi
994 2796 1203 2855 inhabitare
1218 2812 1275 2861 (rso)

192 2884 281 2958 illic,
305 2885 480 2952 dicentes:
505 2904 624 2944 eamus
644 2889 679 2944 et
697 2886 898 2945 serviamus
917 2885 988 2943 diis
1012 2884 1098 2943 aliis
1118 2904 1205 2959 quos

279 3072 294 3126 7
316 3073 398 3127 Dect.
414 3077 457 3139 13,
468 3078 564 3126 o-ro.
639 3072 676 3127 at
696 3074 731 3127 se.
747 3077 791 3139 13,
803 3078 919 3127 12-18.

278 3214 341 3268 ad.
357 3222 420 3269 aute
437 3219 470 3269 ut
489 3215 554 3269 odd.
640 3214 659 3268 4
679 3215 960 3271 idololatricorum
981 3218 1036 3271 Mu
1053 3218 1161 3285 nuperi,
1181 3223 1206 3271 et

192 3285 229 3338 eie
247 3290 291 3352 52,
302 3291 345 3341 17.
364 3290 460 3353 53,14.
481 3292 525 3354 54,
534 3292 561 3354 8,
576 3294 606 3341 at
620 3291 665 3353 52,
673 3290 712 3340 20
730 3286 922 3340 idolatrorum.
978 3289 1024 3342 dd.
1032 3288 1090 3356 pb
1105 3289 1204 3342 vestris

192 3362 215 3409 et
233 3357 250 3410 ll
269 3360 334 3411 tuae
354 3358 418 3412 add.
529 3358 566 3412 12
585 3360 684 3426 parcat
703 3360 736 3424 P,
755 3376 804 3412 een.
819 3360 875 3413 Bu.
967 3358 1070 3412 celebis
1090 3360 1123 3412 P.

194 3425 228 3479 lb
251 3432 393 3497 postremo
416 3434 446 3484 et
470 3430 517 3485 Bu
540 3432 642 3501 eyreqie
664 3447 698 3485 ex
717 3430 819 3484 LXX:
842 3428 891 3482 nul
910 3428 927 3498 ἡ
947 3430 1006 3500 χεὶρ
1030 3429 1137 3491 παντὸς
1154 3439 1204 3484 τοῦ

192 3498 258 3551 λαοῦ
287 3496 333 3553 ἐπ’
359 3500 462 3573 ἐσχάτῳ
488 3502 536 3555 καὶ
559 3500 792 3572 ὶνθοβολήσονσιν
816 3500 903 3555 αὐτὸν
927 3508 983 3568 etc,
1010 3504 1156 3556 remouent
1179 3503 1207 3555 P

195 3569 340 3640 (deinceps
359 3572 422 3639 Fi).
532 3572 570 3627 16
588 3572 716 3626 abcrtere
736 3575 769 3629 P.
874 3571 909 3625 21
931 3574 957 3627 d.
968 3592 997 3643 p.
1013 3572 1203 3641 deprehensae

194 3641 254 3694 add.
269 3643 314 3697 Sic.
387 3641 425 3696 24
443 3644 591 3713 inintegris
606 3646 640 3709 P,
658 3662 707 3699 eru.
722 3645 779 3698 Bu.
848 3643 886 3696 26
905 3643 1081 3697 inhabitare·
1097 3643 1156 3697 illic
1171 3645 1203 3697 P.

278 3784 316 3839 22
335 3785 512 3841 manifestius
531 3786 636 3839 discat:
653 3787 688 3853 of.
703 3790 786 3853 46,8.

245 3894 357 3935 lllrmlcus
371 3895 490 3934 Maternus
504 3894 539 3933 ed.
554 3894 671 3943 Zissslsr
1027 3880 1042 3927 6
