3100 4359
326 394 374 447 Dc
392 395 540 453 ERRORE
558 397 661 453 Paos.
676 399 755 452 REL.
775 397 852 452 CAP.
867 396 1057 451 XVIII—XIX
1156 397 1198 461 47

193 565 343 625 Didieistis
371 566 443 640 quid
469 586 522 627 vos
550 568 647 627 facere
677 568 843 641 conveniat,
871 566 973 645 eligite
997 565 1076 641 quod
1098 566 1199 626 vultis.

192 655 259 736 lude
287 674 365 714 mors
392 658 535 731 nascitur,
562 657 632 715 hino
658 656 827 715 inmortalis
850 658 915 715 rita
938 656 1073 713 douatm.
1120 677 1135 709 a
1182 674 1199 711 r

194 781 1197 818 ****************

272 886 351 945 XIX.
377 878 501 946 *rede
528 887 640 965 νυμφίε
670 891 749 966 χαῖρε
777 886 887 963 νυμφίε
917 892 996 965 χαῖρε
1026 884 1095 945 νέον
1124 894 1197 963 φῶς.

167 975 262 1043 5Quid
284 978 328 1035 sic
351 978 492 1035 miserum
514 977 663 1035 hominem
687 995 741 1051 per
764 977 893 1052 abrupta
910 977 1101 1051 praecipitas,
1120 977 1198 1035 cala-

188 1067 292 1125 mitosa
323 1064 499 1141 persuasio?
548 1065 626 1135 Quid
655 1066 701 1123 illi
738 1066 833 1125 falsae
870 1068 934 1141 spei
965 1066 1115 1142 polliceris
1151 1067 1196 1125 in·
1211 1078 1271 1129 (10⁵)

188 1154 300 1232 signia?
338 1155 463 1213 Nullum
496 1158 570 1231 aput
600 1159 631 1214 te
662 1156 762 1213 lumen
791 1159 844 1229 est,
873 1174 926 1213 uec
955 1157 999 1213 est
1027 1154 1121 1231 aliqui
1146 1156 1198 1231 qui

187 1262 307 1319 sponsus
326 1248 476 1303 mereatur
494 1244 606 1303 audire.
642 1244 744 1302 Unum
761 1245 864 1303 lumen
882 1247 936 1318 est,
954 1263 1030 1302 uuus
1049 1248 1095 1303 est
1109 1264 1197 1319 spon·

188 1352 248 1393 sus:
270 1335 427 1392 nominum
449 1333 556 1392 horum
579 1336 710 1409 gratiam
734 1332 869 1393 Christus
893 1336 1017 1409 accepit.
1054 1334 1122 1392 Non
1146 1352 1197 1409 po-

155 1432 176 1471 1⁰
187 1424 252 1482 teris
280 1424 320 1481 ad
347 1427 377 1482 te
406 1424 521 1482 alienae
548 1422 703 1482 felicitatis
726 1424 887 1482 transferre
910 1422 1046 1501 gloriam,
1069 1441 1123 1481 neo
1146 1442 1197 1498 po-

186 1515 252 1572 teris
285 1514 423 1573 caelestis
454 1513 576 1571 luminis
609 1512 764 1588 splendore
796 1512 937 1571 decorari.
991 1512 1028 1570 111
1058 1512 1196 1571 tenebras

186 1604 393 1678 squaloresque
424 1604 574 1677 proiectus
607 1621 645 1662 es.
699 1602 767 1661 Hlic
804 1601 1069 1675 sordes'squalor·
1082 1601 1195 1678 caligo·

185 1692 320 1750 tenebrae
344 1694 374 1749 et
397 1695 556 1767 perpetuae
579 1691 675 1751 noctis
699 1691 872 1750 dominatur
894 1691 1005 1749 horror.
1038 1690 1070 1748 Si
1093 1691 1139 1748 vis
1162 1693 1197 1748 ut
1216 1705 1230 1752 2

184 1783 276 1840 tenuis
311 1780 412 1839 saltim
439 1780 497 1839 tibi
525 1781 665 1857 splendor
690 1780 812 1839 luminis
831 1780 951 1853 *luceat
984 1780 1064 1857 erige
1094 1779 1195 1837 vultus

151 1878 172 1915 ¹⁵
184 1873 210 1927 et
232 1870 382 1930 demersos
406 1872 490 1945 aperi
512 1870 623 1944 oculos,
647 1873 677 1928 et
695 1868 818 1927 desertis
837 1868 884 1927 lu's
903 1868 941 1926 ad
960 1886 1028 1927 eum
1046 1871 1076 1927 te
1095 1869 1197 1927 confer

184 1960 231 2033 qui
254 1959 346 2018 dixit:
371 1954 457 2036 ‘Ego
480 1978 555 2019 sum
578 1960 638 2016 lux
660 1952 803 2018 mundi'.
842 1957 932 2017 Cuius
956 1958 1065 2018 divinis
1086 1950 1090 2038 Ι
1110 1974 1246 2033 prae-for.
1260 1968 1304 2013 rer

183 2049 271 2124 ceptis
307 2049 484 2122 continetur,
511 2052 547 2106 ut
573 2049 606 2105 in
634 2048 691 2105 hac
722 2050 841 2105 terrena
869 2050 1092 2106 conversatione
1122 2066 1195 2118 opus

182 2143 314 2197 nostrum
346 2156 400 2214 per
432 2136 495 2197 dies
527 2137 661 2214 singulos
694 2137 801 2195 luceat.
851 2135 962 2195 Lucere
1000 2140 1100 2195 sutem
1136 2156 1195 2195 nou

268 2362 307 2416 13
329 2362 445 2433 Quintil.
464 2362 530 2415 decl.
551 2362 610 2415 V6
637 2360 713 2431 erige
740 2360 843 2427 vultus,
871 2362 961 2429 pater,
987 2376 1020 2413 ao
1047 2360 1116 2415 tolle
1145 2363 1196 2429 (sic

181 2433 290 2502 Becker,
300 2432 400 2487 attolle
414 2433 491 2487 codd,
501 2440 527 2486 et
540 2433 660 2486 Lehncrt
673 2435 705 2486 ίυ
718 2432 772 2496 ed.)
783 2432 938 2486 tristitiam.
977 2431 1016 2485 lt
1035 2432 1097 2486 Joa.
1112 2437 1194 2500 8,12.
1282 2476 1285 2485 .

219 2681 225 2700 Ι
266 2611 284 2666 2
312 2588 449 2677 donaturr
476 2612 642 2708 dGNYth
669 2612 769 2693 ΧΑΙΡΕΙ
792 2612 909 2693 ΝΥΝΦΕ
931 2614 965 2666 Ρ.
1007 2610 1085 2693 Dicis
1108 2611 1194 2664 etiam

180 2702 259 2809 stt
276 2681 610 2824 iii’tiisdl’sydiiti‘
623 2682 1194 2821 tttsttfftttt‘tt‘stlatis}

180 2834 265 2893 χαῖρε,
284 2826 388 2894 νύμφιε
406 2834 494 2895 χαῖρε,
514 2823 579 2879 νέον
598 2833 658 2892 φῶς
675 2831 762 2879 tentat
776 2826 834 2879 Ha.
867 2822 931 2892 rpite
946 2823 1050 2894 νυμφίε
1064 2826 1194 2880 Sudhaus

181 2899 253 2964 aprrd
281 2898 434 2962 Dimisit,
463 2897 697 2967 Mitirrasliturqie
722 2897 839 2966 append.
877 2895 920 2951 ἰδὲ
944 2898 993 2951 rr.
1008 2902 1052 2951 25.
1090 2899 1193 2951 Parce·

180 2970 296 3023 miacum
315 2967 358 3022 ίδὲ
377 2966 481 3037 νυμφίε
499 2976 588 3039 χαῖρε,
607 2967 672 3023 νέον
691 2977 752 3034 φῶς
764 2968 885 3022 restituit
898 2968 1036 3022 Dieters'ch
1056 2968 1105 3022 dc,
1133 2969 1194 3023 Nos
1265 2970 1267 2974 ’

177 3040 258 3105 plura
279 3041 407 3107 (fortasse
429 3041 529 3107 felicem
551 3040 668 3108 exempli
690 3040 802 3094 librarii
825 3039 965 3108 Palatini)
985 3040 1115 3094 eccidisse
1137 3042 1195 3095 rati

181 3119 246 3165 certo
263 3113 416 3183 marbodum
434 3112 543 3166 restitui
557 3127 636 3180 posse
655 3111 838 3179 despera-mus,
856 3112 903 3165 sed
916 3108 1020 3179 νυμφίε
1034 3112 1194 3180 scripsimus

180 3197 237 3235 cunr
254 3185 296 3239 Fi
313 3184 388 3238 Diei.
402 3184 454 3249 Fr,
472 3199 534 3237 cum
552 3183 632 3237 ceteri
650 3182 710 3236 edd.
729 3199 790 3236 cum
810 3183 860 3236 Wo
879 3181 982 3251 νυμφίε
997 3184 1156 3251 proebeant.

181 3251 240 3308 td.
250 3273 273 3325 μ
296 3254 468 3324 praecipitas
487 3255 551 3308 add.
625 3253 863 3322 sepeponere
882 3253 947 3308 add.
1022 3254 1056 3307 11
1077 3254 1192 3307 luminis

181 3323 232 3392 Bc,
245 3326 370 3380 numinis
384 3328 420 3392 P,
433 3327 469 3392 of.
484 3326 501 3379 l.
517 3330 560 3379 14.
625 3324 661 3378 18
681 3325 841 3379 dominator
854 3327 888 3393 P,
902 3341 971 3379 corr.
981 3343 1011 3394 p.
1077 3325 1113 3379 15
1129 3334 1193 3395 post

181 3393 220 3449 his
238 3400 342 3454 excidit
359 3399 433 3453 velut
451 3398 589 3452 ‘tenebris’
609 3398 654 3453 sk.
729 3397 764 3451 17
785 3398 812 3451 d.
828 3415 854 3451 a.
868 3399 902 3450 ut
919 3397 984 3451 add.

265 3575 301 3629 11
318 3577 463 3642 of.50,18.
502 3577 593 3629 Mart.
604 3581 665 3643 111,
674 3580 712 3630 20
725 3577 821 3644 patres
835 3575 957 3629 maximo
972 3576 1084 3629 honoris
1099 3574 1192 3643 splen·

182 3642 243 3700 dore
262 3647 436 3701 decorentur.
466 3648 525 3701 LX
530 3648 605 3700 VIIr
614 3648 652 3701 II
662 3653 699 3703 42
713 3648 842 3717 (Aquarii
861 3647 993 3701 vicesima
1011 3650 1085 3716 pars)
1105 3646 1191 3701 simili

181 3717 335 3773 maiestatis
358 3718 507 3787 splendore
525 3720 681 3774 decoratur.
756 3717 793 3772 12
811 3737 836 3773 υ.
851 3720 889 3773 ad
902 3723 1001 3784 21,13.
1080 3718 1115 3773 17
1136 3720 1190 3772 ter-

181 3802 243 3841 reus
261 3790 484 3845 conversatione:
511 3807 536 3844 υ.
551 3792 643 3860 praef.
662 3791 683 3863 5
702 3796 720 3844 6
738 3792 777 3844 ad
797 3791 858 3844 XX
876 3795 901 3845 7.
935 3790 986 3844 Mo
1005 3794 1047 3845 13.
