3100 4359
368 393 418 448 DE
435 392 585 449 ERRORE
602 394 707 450 Peon.
722 395 802 449 nnn.
822 393 898 449 OAP.
913 395 1029 449 xxvm
1166 396 1205 458 77

195 563 244 621 dii
265 559 402 624 nostri?
434 563 496 624 Det
518 566 611 623 etiem
631 564 730 641 legem
754 583 845 639 quum
869 566 1056 623 ooneeeretue
1077 564 1207 639 populus

195 653 299 713 devote
321 654 524 730 perpetuitate
547 654 704 727 onetodint,
728 656 823 712 etita
840 654 978 713 mundat:
1002 649 1206 713 ‘Dominum

194 742 290 801 deum
314 742 483 804 edorebie
506 747 541 802 et
563 744 636 819 ipsi
659 744 728 803 eoli
752 736 911 804 servies?
939 742 981 801 Et
1008 742 1039 801 in
1062 742 1206 802 Deutero-

194 833 289 891 nomio
321 835 432 893 similin
461 833 511 891 dei
539 833 683 894 mendetn
711 837 888 906 noscuntur,
918 832 962 890 uit
990 833 1081 891 enim:
1114 829 1207 891 ‘Non

171 923 295 980 nerunt
317 923 387 983 tibi
410 923 463 981 dii
486 922 553 981 elii
576 924 709 999 absque
731 916 804 979 me.’
853 920 947 982 Addit
972 924 1064 980 etiem
1086 927 1121 982 ut
1144 922 1205 982 eni·

193 1012 247 1069 mis
269 1030 373 1071 eorum
395 1011 563 1071 maiestatis
586 1031 657 1073 nune
675 1009 791 1088 pondus
811 1013 957 1073 insinuet:
982 1005 1138 1073 ‘Videte‘
1157 1013 1205 1070 vi·

192 1100 280 1160 dete·
306 1101 393 1177 quie
422 1120 486 1179 ego
516 1119 592 1161 enm
622 1106 657 1160 et
686 1119 755 1160 non
786 1106 841 1162 eet
870 1102 954 1161 deus
978 1105 1124 1177 praeter
1144 1120 1205 1183 mle.

191 1189 260 1266 ligo
279 1192 488 1252 interimam
507 1192 543 1248 et
561 1193 684 1251 vivere
701 1190 847 1266 luciam,
868 1191 1070 1267 percutiam
1089 1200 1124 1252 et
1142 1209 1205 1269 ego

192 1278 323 1339 ennnbo
353 1286 389 1341 et
417 1299 486 1340 non
516 1283 571 1339 est
600 1282 663 1357 qui
685 1276 823 1358 eripiet
846 1280 885 1339 de
908 1280 1074 1341 munibus
1097 1272 1205 1342 mein’

159 1381 182 1419 n
191 1367 221 1425 In
230 1370 417 1447 Apocalypsi
426 1371 519 1430 etiem
532 1369 588 1430 hoe
601 1370 681 1429 idem
694 1374 799 1429 ennete
813 1370 995 1430 revelatione
1008 1375 1205 1443 monstretur3
1224 1372 1241 1421 8

190 1458 229 1515 ite
251 1462 335 1519 enim
357 1461 501 1539 seriptum
524 1462 582 1521 eet:
611 1456 673 1518 ‘Et
701 1460 779 1519 vidi
808 1459 920 1517 elium
950 1460 1115 1536 angelum
1146 1478 1204 1521 vo·
1321 1468 1324 1475 '

189 1546 325 1609 lentem
351 1552 467 1611 medio
494 1551 595 1610 onelo
623 1551 812 1609 habentem
838 1550 1064 1625 evangelium
1088 1555 1205 1610 eeter-

189 1655 279 1714 num,
307 1645 348 1700 nt
371 1641 608 1702 adnuntiaret
631 1643 894 1717 superterram
917 1658 980 1714 per
1002 1658 1121 1700 omnes
1144 1658 1206 1698 nea

189 1731 306 1790 tiones
336 1736 373 1789 et
393 1734 514 1793 tribue
544 1733 580 1789 et
602 1731 748 1807 linguae
771 1732 806 1789 et
828 1729 995 1805 populos,
1026 1730 1205 1789 dicentem

156 1826 270 1880 ¹‘voce
293 1839 438 1898 magne:
460 1823 612 1881 metuite
634 1823 758 1896 potine
782 1819 963 1879 dominum
986 1821 1021 1877 et
1039 1820 1122 1879 dete
1145 1820 1205 1878 illi

189 1910 397 1971 oleritetem
430 1911 598 1989 qnoniam
626 1912 729 1970 venit
759 1910 849 1969 horn
880 1908 1012 1969 iudicii
1043 1910 1134 1982 eins,
1171 1913 1205 1968 et

189 2000 337 2061 ndorete
365 2021 442 2061 eum
465 1992 638 2077 qni'feoit
661 2000 799 2060 eoelum
822 2001 1026 2073 ettonem,
1052 2019 1147 2059 mnne
1171 2003 1205 2058 et

188 2092 306 2149 omnin
326 2110 416 2166 quae
434 2094 471 2149 in
489 2091 540 2149 eie
560 2086 662 2150 sunt?
685 2086 688 2168 l
710 2091 856 2151 Dominus
876 2091 1310 2165 quoquenoste1·1esus1o.nr

189 2177 324 2239 Christus
341 2184 467 2256 paterna
484 2179 560 2257 legis
576 2179 719 2240 institute
737 2181 924 2240 custodiens·
942 2181 998 2239 hoe
1020 2180 1099 2239 idem
1118 2198 1204 2239 vene·

155 2270 280 2329 ”rande
304 2269 517 2329 eonstitutione
544 2270 728 2347 promulgnt3
757 2269 803 2326 ait
826 2270 918 2329 enim:
947 2264 1053 2329 ‘Audi
1075 2268 1204 2329 Israel:

188 2358 353 2419 dominus
381 2359 467 2418 deun
493 2363 577 2418 tune
605 2360 690 2418 deus
716 2377 809 2418 unus
833 2362 900 2431 eet,
929 2360 964 2417 et
987 2360 1120 2437 diliges
1144 2358 1202 2418 do-

187 2450 319 2507 minum
346 2448 448 2507 deum
475 2451 574 2509 tunm
603 2448 643 2506 de
670 2451 748 2509 toto
772 2449 877 2508 eorde
899 2451 975 2524 tuo,
1003 2454 1037 2509 et
1060 2449 1101 2507 de
1124 2452 1203 2507 totu

188 2542 302 2597 enimn
324 2540 387 2597 tun
410 2541 445 2597 et
467 2538 508 2596 de
526 2541 606 2598 tote
625 2540 763 2599 virtute
786 2542 861 2598 tun:
885 2538 951 2597 hoo
968 2540 1120 2615 primum
1140 2542 1201 2597 est.

189 2626 226 2685 Et
248 2627 446 2687 secundnm
462 2629 590 2687 eimile
615 2628 712 2688 huie:
743 2629 876 2708 diliges
904 2632 1103 2703 proximum
1130 2628 1202 2687 tibi
1215 2644 1273 2693 (127)

154 2716 367 2793 ²⁵tnmquam
397 2721 439 2775 te.
486 2718 526 2777 In
556 2718 613 2775 hie
644 2718 780 2778 dnobus
810 2720 1016 2796 praeceptis
1045 2720 1124 2778 tote
1146 2718 1202 2776 lex

187 2807 319 2881 pendet
351 2809 386 2865 et
416 2801 635 2883 prophetoe'
683 2807 824 2885 Sequitur
856 2812 957 2869 nutem
984 2809 1038 2866 hoe
1066 2806 1236 2865 divinum9

186 2896 445 2971 venerandumque
474 2897 666 2974 preeoeptnm
696 2896 864 2957 inmortalis
894 2897 1007 2956 domini
1035 2915 1070 2956 eo
1097 2899 1201 2956 ennete

188 2987 345 3046 eonolueio
378 2985 472 3044 Addit
490 2986 569 3045 enim
587 2988 623 3043 ut
636 2986 824 3045 manifestius
837 2987 918 3047 viem
933 2986 1039 3047 salutis
1053 2985 1201 3062 ostendet,

275 3246 294 3301 2
314 3247 417 3303 Mutet.
432 3253 458 3313 4,
468 3252 504 3303 10
517 3253 542 3301 et
556 3248 625 3303 Lete.
641 3251 667 3311 4,
677 3250 703 3300 8.
758 3243 880 3300 ΗΜ.
896 3250 919 3307 5,
932 3250 955 3299 7.
1011 3244 1030 3298 d
1048 3247 1084 3300 it.
1100 3248 1145 3311 32,
1156 3250 1199 3300 39.

189 3315 222 3371 ll
242 3321 463 3388 AW·14,⁶⁸4·
536 3317 575 3373 2⁰
594 3319 873 3404 diare.12,29-31.
910 3317 1009 3371 Mauo.
1024 3320 1198 3383 22,37-40.

275 3498 293 3552 8
307 3505 373 3567 poet
391 3497 475 3550 deum
491 3497 560 3567 (dm)
584 3498 657 3552 duae
674 3497 781 3551 litterae
802 3511 896 3549 erasae
919 3510 989 3563 quae
1007 3495 1054 3549 dm
1076 3496 1199 3562 fueraut,

188 3570 220 3635 cf.
235 3572 302 3626 ΒΜ
316 3573 388 3625 296.-
405 3571 486 3621 tnnm
500 3585 539 3637 pr
552 3576 662 3637 praeter
680 3569 735 3622 Bo.
818 3566 836 3621 8
855 3566 882 3619 d.
894 3583 923 3633 p.
938 3564 1041 3620 loeium
1059 3567 1124 3621 add.

190 3638 222 3693 ll
242 3640 358 3695 nolente
376 3657 478 3708 comp
497 3656 530 3694 σω
548 3639 668 3694 uolente.
765 3637 803 3692 14
822 3638 847 3691 d.
859 3655 889 3707 p.
904 3637 1023 3706 populos
1043 3638 1106 3691 odd.
1197 3650 1199 3657 ·

189 3711 224 3763 lll
245 3712 394 3766 institute·
415 3713 447 3766 P.
538 3709 577 3764 20
595 3712 622 3765 d.
633 3729 663 3780 p.
677 3708 763 3763 lornei
784 3710 847 3767 add.
934 3708 971 3761 21
993 3708 1026 3762 di
1043 3716 1106 3763 onte
1124 3724 1197 3761 unus

189 3783 248 3837 add.
263 3786 292 3838 P
307 3800 395 3852 eupm
413 3783 462 3837 lin.
535 3780 574 3835 24
594 3782 691 3853 diligis
710 3783 745 3848 P,
762 3799 811 3835 em.
826 3781 875 3835 Fz.
