3100 4359
363 398 413 451 DE
430 397 578 453 ERRORE
597 397 700 453 Paos.
715 398 795 453 ΗΕΒ.
816 398 892 453 CAP.
907 399 1059 454 XV-XVI
1174 400 1215 463 37

203 569 235 623 et
262 566 397 643 quicquit
423 570 556 627 errantes
583 568 717 627 homines
739 570 825 627 vanis
852 569 1093 643 persuasionibus
1120 568 1217 644 perdi·
1229 584 1269 631 fol·
1281 584 1328 622 1⁵·2'

202 655 258 728 dit,
283 658 389 731 rapida
416 656 604 715 flammarum
629 657 827 732 populatione
855 659 1059 733 conplectitur.
1103 654 1218 717 ‘Venit

203 741 306 804 enim'
329 746 429 821 iuquit
453 741 539 804 ‘dies
563 746 698 804 domini
720 748 760 804 ut
783 746 910 805 ardens
934 742 1118 807 clibanus’.
1155 748 1216 806 Au·

201 834 276 893 disti
309 835 379 908 quid
411 836 523 894 veniat.
572 836 657 893 Nihil
690 838 735 893 est
766 836 846 911 quod
879 856 913 893 ex
942 842 973 895 te
1001 837 1159 895 collectum
1185 840 1218 895 iu

175 923 356 997 sapotheois
389 924 544 983 dominicis
575 926 679 1000 reponi
710 927 814 999 possit.
867 925 992 984 Ardebis
1024 929 1060 984 ut
1076 1002 1079 1007 Δ
1096 926 1217 1002 stipula,

201 1016 286 1071 cuius
315 1013 413 1072 inanis
436 1013 539 1071 vilitas
566 1014 598 1070 in
622 1014 733 1072 cineres
756 1014 936 1089 favillasque
959 1018 1103 1088 servatur,
1127 1035 1217 1091 quam

198 1121 296 1177 rapax
322 1104 401 1178 ignis
428 1102 573 1161 violentia
600 1105 719 1179 cogenti
746 1105 870 1178 spiritus
898 1106 1039 1179 pascitur.
1087 1104 1143 1163 Hic
1172 1108 1218 1163 est
1232 1103 1312 1159 (9915

200 1192 299 1249 exitus
327 1191 452 1266 finisque
475 1194 581 1266 vester,
608 1193 681 1251 haec
709 1195 754 1250 est
776 1211 873 1268 poena
897 1212 986 1267 quam
1008 1212 1063 1269 pro
1087 1194 1217 1269 deceptis

199 1279 373 1339 hominibus
402 1280 473 1339 deus
500 1281 616 1354 statuit,
642 1285 678 1339 ut
704 1284 856 1357 perpetuis
881 1282 984 1341 ardeat
1006 1283 1142 1356 flammis,
1166 1283 1218 1357 qui

159 1373 308 1427 incontra
329 1370 516 1428 voluntatem
539 1371 587 1428 dei
608 1372 748 1429 miserum
771 1371 922 1429 homiuem
950 1374 1003 1429 aut
1025 1372 1142 1447 decepit
1164 1374 1218 1430 aut

198 1458 340 1536 perdidit.
377 1458 455 1517 Volo
487 1478 557 1517 saue
590 1459 749 1536 diligenter
777 1460 936 1535 inquirere,
959 1461 1043 1520 ouius
1065 1462 1217 1519 Minervae

199 1549 258 1607 hoc
290 1549 397 1606 volunt
428 1567 491 1607 esse
520 1550 647 1624 signum.
693 1548 797 1607 Plures
830 1551 909 1607 enim
940 1550 1089 1609 Minervas
1127 1550 1217 1609 fuisse

200 1640 330 1712 constat,
357 1655 410 1695 nec
438 1637 546 1713 aliquis
573 1640 606 1695 in
633 1640 692 1697 ista
719 1642 806 1713 parte
832 1636 992 1697 dissentit
1025 1639 1217 1716 Singularum

198 1727 305 1801 itaque
328 1745 421 1803 genus
443 1726 617 1785 institutum
642 1730 737 1785 artem
759 1728 1005 1804 propositumque
1023 1728 1164 1803 dicamus,
1182 1732 1218 1787 ut

157 1832 183 1869 15
198 1835 235 1873 ex
260 1815 308 1873 his
331 1815 467 1874 omnibus
489 1816 617 1875 inveniri
645 1816 739 1891 possit
766 1816 936 1876 Palladium
960 1820 1042 1876 cuius
1065 1818 1218 1877 Minervae

197 1908 241 1963 sit
265 1906 385 1962 nomine
407 1908 621 1963 consecratum.

291 1993 371 2051 XVI.
395 1992 531 2069 Quinque
549 1995 699 2053 Minervas
717 1995 809 2053 fuisse
828 1995 995 2073 legentibus
1014 1996 1099 2054 nobis
1122 1996 1218 2054 tradit

145 2095 146 2100 ’
197 2084 378 2157 antiquitas.
423 2082 490 2141 Una
514 2087 560 2142 est
582 2083 711 2142 Vulcani
732 2083 796 2141 filia
819 2103 895 2159 quae
917 2084 1051 2143 Athenas
1075 2085 1217 2159 condidit,

196 2191 293 2248 quam
317 2192 351 2229 ex
374 2172 542 2248 agrestibus
563 2172 637 2231 locis
662 2172 699 2231 ad
726 2173 859 2232 urbanae
883 2174 1115 2233 conversationis
1139 2174 1217 2232 ordi-

156 2277 182 2315 11
197 2281 269 2320 nem
302 2262 413 2319 rustica
444 2260 534 2319 turba
566 2264 709 2321 comitata
737 2265 789 2321 est.
836 2262 909 2321 Fuit
936 2262 996 2321 alia
1022 2264 1055 2320 in
1078 2262 1217 2340 Aegypto

196 2351 266 2408 Nili
298 2351 377 2426 regis
408 2350 481 2424 filia,
514 2352 662 2409 textrinae
699 2354 772 2411 artis
809 2350 961 2429 magistra.
1008 2352 1109 2411 Tertia
1146 2372 1217 2411 vero

195 2443 287 2517 patre
307 2437 435 2497 Saturno
459 2442 562 2516 genita
584 2443 637 2513 est,
661 2440 713 2498 sed
735 2440 813 2498 hanc
836 2440 1000 2517 viraginem
1023 2442 1115 2501 fuisse
1138 2460 1215 2500 com·

196 2531 376 2587 memorant.
421 2529 499 2587 Nam
527 2549 691 2604 numquam
718 2548 750 2589 se
777 2531 858 2587 intra
877 2530 1003 2588 'feminei
1027 2549 1111 2590 sexus
1134 2549 1219 2589 vere-

198 2618 341 2676 cundiam
364 2618 470 2692 teuuit,
491 2618 542 2677 sed
561 2638 644 2677 arma
663 2637 780 2694 semper
798 2621 1015 2694 strepitumque
1033 2634 1214 2697 pugnarum

155 2723 180 2761 11
199 2711 230 2765 et
255 2710 379 2765 cruenta
402 2712 505 2766 secuta
527 2709 573 2765 est
595 2704 695 2768 studia
718 2707 873 2765 bellorum.
911 2707 1024 2776 Quarta
1047 2709 1127 2769 lovis
1148 2708 1216 2766 Ore-

289 2894 307 2946 2
329 2896 450 2949 Molaria
465 2899 518 2960 4,1
538 2899 643 2962 (3,19).
716 2894 754 2949 20
774 2897 808 2961 of.
824 2896 862 2949 ad
881 2899 978 2962 61,23.

290 3054 307 3108 1
327 3056 353 3107 d.
363 3072 394 3124 p.
408 3054 534 3123 perdidit
552 3057 616 3109 odd.
689 3054 708 3107 3
727 3056 753 3109 d.
764 3073 794 3124 p.
815 3056 941 3109 cliuanus
962 3058 1013 3122 (sic
1031 3058 1083 3125 Pr)
1104 3057 1168 3111 add.

197 3126 307 3181 audisti
325 3128 394 3194 quid
412 3126 508 3179 veniat
526 3128 568 3180 bs's
585 3128 665 3180 habet
682 3128 716 3180 P.
794 3126 812 3179 6
832 3130 886 3195 que
906 3128 939 3193 P,
958 3145 1006 3181 cua
1021 3127 1072 3194 Fl,
1091 3146 1147 3196 qua
1165 3130 1217 3182 Hc

199 3204 276 3265 (cum
294 3214 349 3265 que
367 3215 421 3252 cccc
439 3199 471 3250 iu
489 3200 578 3252 codice
592 3201 726 3265 putaret).
821 3199 834 3251 7
856 3198 998 3267 congeniti
1017 3200 1064 3265 Fl,
1089 3200 1215 3269 cogentis

198 3272 258 3337 Bu,
277 3271 396 3338 cogente
414 3270 472 3323 Ha.
545 3268 676 3322 Sueater
694 3268 761 3322 Haec
780 3271 813 3323 P.
887 3269 1045 3323 tlllammis
1064 3272 1113 3338 qui
1131 3273 1165 3326 P.

197 3343 234 3396 ll
257 3342 284 3394 d.
294 3358 325 3410 p.
340 3340 482 3408 inquirere
500 3340 565 3395 aad.
657 3338 905 3409 leporinam
922 3342 951 3397 P
971 3358 1072 3396 rasura
1096 3341 1216 3397 daaricm

198 3416 436 3481 litterarumque
449 3412 577 3467 videmur
591 3411 629 3465 du
642 3413 742 3477 fuisse:
754 3412 895 3465 necdum?
957 3412 1103 3481 Singulare
1118 3415 1151 3479 P,
1165 3431 1217 3467 em.v

197 3485 299 3539 FlKr
309 3483 354 3537 Fr
370 3487 414 3537 23.
515 3482 551 3536 21
576 3483 713 3552 magistra
731 3483 827 3536 Tertia
845 3484 878 3537 P.
979 3482 1016 3537 24
1040 3484 1214 3552 strepituque

195 3558 330 3625 pugnaui
347 3554 370 3608 dt
389 3555 422 3608 P.

289 3714 307 3769 8
326 3714 418 3767 exitus
436 3715 571 3783 finisque.-
594 3716 628 3781 εἰ.
645 3717 696 3770 Mo
709 3720 754 3771 22.
847 3715 884 3770 19
908 3718 1046 3784 agrestem
1070 3732 1216 3769 couversa-

196 3789 306 3841 tionem
323 3788 409 3855 habes
425 3788 514 3840 Mutia
530 3790 574 3852 94,
585 3790 627 3840 17.
637 3790 682 3841 22.
693 3792 738 3841 26.
