3100 4359
301 375 378 428 XXII
704 374 909 430 PRAEFATIO

302 546 417 603 tantem
440 562 604 604 sermonem
627 543 754 602 coerceri
772 562 858 619 posse
882 543 1036 620 desperare
1059 560 1112 601 nos
1132 540 1314 602 confitemur.

301 632 406 708 Neque
435 651 568 708 unquam
602 631 699 692 editor
732 633 812 692 ullus
848 635 976 692 severius
1007 631 1101 710 logice
1131 631 1314 708 distinguere

302 725 425 782 conatus
449 724 502 796 est,
525 720 576 781 sed
598 721 772 798 plerumque
796 722 834 780 ad
852 722 974 780 libitum
991 720 1186 800 grammatice
1210 719 1314 779 distin·

302 811 411 889 gnendi
434 812 594 887 praecepta
611 811 699 869 modo
722 813 870 887 spectasse
894 812 1020 870 editores
1039 808 1126 870 modo
1149 809 1315 887 neglexisse

301 900 503 977 intellegimus
532 899 665 974 qualibet
688 899 817 960 editione
844 902 1007 960 recentiore
1035 901 1178 975 inspecta.
1224 898 1315 958 Modo

302 992 372 1048 ante
396 990 573 1047 sententiam
596 989 755 1048 relativam
778 988 979 1066 distinguunt,
1007 988 1094 1047 modo
1122 1006 1181 1047 non
1209 988 1315 1047 distin-

302 1081 399 1156 guunt
430 1097 484 1136 suo
512 1077 636 1137 arbitrio
663 1079 723 1152 usi3
751 1097 820 1138 nam
844 1097 959 1154 semper
982 1097 1016 1137 eo
1039 1078 1104 1136 loco
1129 1078 1315 1154 distinguere

302 1166 462 1227 absurdum
486 1186 548 1227 esse
576 1167 745 1226 sentiebant
771 1169 871 1243 potius
900 1186 990 1244 quarn
1018 1165 1157 1224 sciebant.
1203 1165 1316 1225 Incerti

301 1275 380 1315 nunc
393 1255 536 1315 traditam
549 1258 696 1316 rationem
711 1255 1133 1334 sequunturpsychologicam‚
1146 1273 1225 1314 nunc
1240 1274 1315 1329 eam,

302 1363 362 1421 qua
383 1347 416 1403 in
439 1346 598 1405 vernaculo
621 1364 756 1404 sermone
778 1346 826 1405 uti
848 1347 952 1405 solent.

389 1433 455 1494 Iam
477 1436 566 1511 plura
589 1435 697 1494 dixisse
720 1434 805 1493 nobis
824 1435 967 1508 videmur,
990 1453 1081 1510 quum
1099 1452 1146 1492 res
1169 1435 1313 1509 postulet.

302 1522 404 1582 Unum
429 1527 531 1582 tamen
554 1523 728 1583 addendum.
778 1523 814 1581 In
842 1543 876 1582 eo
905 1526 1014 1583 nostris
1042 1522 1144 1582 diebus
1171 1523 1316 1598 permulti

301 1612 436 1672 studium
458 1614 488 1671 et
517 1617 680 1688 posuerunt
713 1617 742 1672 et
772 1615 897 1689 ponunt,
929 1615 964 1671 ut
995 1614 1137 1688 autiquae
1169 1614 1315 1671 orationis

301 1702 545 1778 compositionem
559 1702 750 1762 artificiosam
763 1702 946 1779 perspiciant
964 1703 1072 1760 summi
1090 1703 1233 1760 momenti
1252 1719 1316 1761 esse

300 1792 362 1850 rati
384 1791 423 1848 ad
446 1793 519 1850 artis
543 1793 606 1850 eius
629 1811 751 1852 acumen
774 1791 1016 1869 intellegendum,
1046 1793 1226 1850 structuram
1248 1790 1315 1848 rhe-

300 1879 426 1938 toricam
454 1879 638 1955 artificisque
663 1899 752 1955 quam
782 1882 943 1940 clarissime
972 1879 1121 1955 explicari.
1158 1880 1223 1937 Iam
1247 1897 1317 1938 cum

301 1969 429 2026 sciamus
461 1972 588 2043 veteres,
620 1972 654 2027 ut
684 1988 749 2027 eam
777 1972 957 2028 structuram
984 1970 1104 2027 lectoris
1131 1969 1180 2027 vel
1206 1969 1316 2026 recita-

301 2058 375 2116 toris
403 2057 497 2116 oculis
531 2057 777 2134 demonstrarent,
807 2059 996 2118 distinctione
1023 2075 1091 2116 usos
1116 2075 1186 2131 esse,
1216 2075 1316 2117 nonne

301 2144 462 2204 absurdum
485 2148 530 2205 est
554 2147 645 2205 uliam
668 2166 811 2223 usurpare
839 2147 1041 2225 distinguendi
1063 2147 1223 2220 rationem,
1254 2165 1316 2222 qua

302 2234 463 2295 artificiosa
495 2236 550 2294 illa
584 2237 739 2312 dispositio
766 2236 965 2295 membrorum
998 2237 1141 2294 orationis
1175 2254 1236 2293 non
1263 2255 1314 2294 ne-

301 2325 433 2402 glegitur
455 2325 565 2399 solum,
596 2344 700 2384 verum
731 2327 823 2384 etiarn
856 2325 1025 2401 saepissime
1058 2323 1234 2384 obscuratur
1266 2325 1316 2384 uel

301 2413 420 2488 penitus
443 2411 607 2472 evertitur?
630 2412 722 2472 Velut
735 2416 767 2473 in
782 2417 929 2474 sententia
952 2413 996 2472 IV
1016 2416 1033 2472 3
1059 2412 1145 2486 (nebel
1167 2414 1316 2473 eoeneum

300 2502 443 2576 referetis)
467 2503 543 2576 quod
565 2505 637 2562 deus
665 2506 715 2576 qui
737 2521 789 2563 cos
810 2505 878 2577 fecit
901 2507 1039 2578 opuoscat
1065 2504 1092 2561 si
1119 2502 1158 2560 ad
1179 2505 1317 2562 nostram

300 2591 397 2668 legem
425 2591 594 2652 distinxeris
622 2594 698 2666 quod
721 2594 804 2662 deus,
832 2596 882 2667 qest
904 2610 954 2651 uos
976 2594 1050 2666 fecit,
1074 2596 1223 2666 upcoscot,
1252 2592 1316 2651 iam

301 2680 435 2739 clausule
464 2683 534 2754 fecit
562 2686 700 2755 opuoscot
722 2708 764 2729 =
780 2714 869 2741 -υ--υ
905 2683 1011 2740 misere
1048 2680 1238 2756 discerpitur3
1280 2700 1316 2740 ac

301 2769 376 2827 talia
399 2769 554 2828 innumera
577 2771 638 2830 iere
661 2772 749 2830 facile
772 2774 897 2847 possunt
920 2771 1039 2848 congeri
1063 2769 1209 2845 exempla!

390 2858 608 2917 Reuertendum
626 2861 721 2938 igitur
744 2860 781 2919 ad
805 2861 983 2919 rhetoricam
1005 2857 1207 2937 distinguendi
1220 2860 1316 2918 ratio·

300 2966 366 3005 nem
390 2949 476 3006 unice
500 2951 602 3025 aptam
630 2951 759 3008 orationi
782 2950 936 3008 rhetoricis
960 2947 1093 3007 artificiis
1117 2947 1316 3023 compositae3

299 3035 509 3095 revertendum
536 3040 571 3095 ut
602 3038 696 3096 suasit
723 3036 972 3097 Wilsmowitzius
1003 3031 1132 3116 (Griech.
1160 3036 1317 3096 Lesebuch

300 3123 379 3199 112,
400 3117 494 3206 269),
518 3129 553 3184 nt
575 3127 645 3185 fecit
667 3127 787 3186 Norden
810 3129 842 3185 in
866 3126 978 3186 edendo
997 3125 1139 3204 Vergilio.

389 3213 432 3272 At
455 3214 562 3289 quibus
585 3214 825 3276 distinctionibus
847 3209 988 3274 utamur?
1011 3215 1099 3273 Aliae
1123 3233 1141 3273 a
1162 3213 1314 3274 veteribus

300 3303 504 3379 grammaticis
540 3304 795 3382 commendantur,
833 3305 909 3364 aliae
941 3306 973 3364 in
1004 3303 1154 3363 codicibus
1186 3304 1315 3377 exstant,

300 3409 395 3466 neque
431 3394 552 3454 omnino
588 3395 661 3453 satis
697 3396 802 3470 aperta
838 3396 883 3453 est
922 3388 1059 3454 ‘historia
1091 3387 1315 3468 distinctionis',

300 3497 395 3555 neque
414 3500 457 3556 ee,
481 3483 612 3558 quaein
634 3482 733 3542 codice
752 3483 931 3543 Firmiciano
954 3483 1095 3561 leguntur
1117 3483 1211 3558 signa,
1235 3499 1315 3556 quae

300 3572 395 3630 sunt.
420 3571 493 3629 vel·
518 3575 548 3630 et
570 3574 631 3632 :et
653 3594 664 3644 ;
690 3605 728 3614 -
754 3573 871 3649 saepius
895 3575 971 3631 sitne
995 3592 1007 3642 ;
1030 3590 1067 3630 an
1090 3592 1099 3629 :
1122 3569 1230 3646 dispici
1253 3590 1315 3629 non
1415 3569 1416 3602 l

300 3660 400 3734 potest
419 3691 470 3733 —‚
494 3664 574 3720 certo
598 3663 721 3721 consilio
745 3665 907 3721 variantur.
946 3659 1043 3730 Quare
1066 3680 1103 3719 ne
1127 3663 1237 3718 temere
1260 3679 1314 3718 no·

300 3765 386 3807 rasse
403 3748 580 3825 videremur,
604 3752 782 3810 retinuimus
806 3771 840 3810 ea
864 3753 959 3828 signa,
983 3768 1058 3826 quae
1081 3767 1159 3808 nunc
1182 3767 1314 3808 commu-
