3100 4359
347 379 391 440 44
700 378 839 432 FIRMIGI
857 378 1024 432 MATERNI

347 564 428 605 mors
461 546 597 622 sequitur
626 567 742 623 semper
774 550 804 606 et
835 566 940 622 poena.
986 547 1051 606 Hoc
1083 548 1165 621 quod
1192 546 1297 604 bibisse
1324 547 1345 602 te

347 635 513 710 praedicas,
542 637 665 694 vitalem
696 655 804 694 venam
836 636 959 713 stringit
986 639 1017 693 in
1049 640 1186 710 mortem,
1218 638 1250 694 et
1279 634 1345 692 sedes

349 725 466 783 animae
494 725 687 798 contaminat,
715 729 744 783 et
770 726 918 783 malorum
947 727 1172 785 continuatione
1198 724 1345 783 conturbat

349 814 436 871 Alius
464 817 509 872 est
537 815 620 873 cibus
650 815 701 889 qui
729 816 856 873 salutem
883 815 1011 893 largitur
1039 819 1069 873 et
1091 817 1196 888 vitam,
1220 813 1293 871 alius
1314 814 1346 870 est.

349 903 432 961 cibus
456 906 508 979 qui
530 904 680 962 hominem
704 905 759 963 deo
784 919 915 963 summo·
941 907 971 962 et
993 904 1183 962 commendat
1205 907 1236 961 et
1258 902 1370 972 redditi

349 993 427 1050 alius
456 996 501 1050 est
528 992 612 1052 cibus
640 995 693 1067 qui
719 994 896 1071 languentes
924 994 1050 1053 relevat·
1075 994 1207 1051 errantes
1232 998 1346 1050 revocat·

350 1082 449 1156 lapsos
468 1082 566 1159 erigit,
586 1084 639 1157 qui
655 1082 852 1142 morientibus
871 1084 1009 1161 aeternae
1027 1083 1257 1141 inmortalitatis
1274 1080 1347 1156 largi·

349 1173 399 1228 tur
423 1170 561 1248 insignia.
608 1171 719 1230 Christi
746 1191 854 1247 panem
879 1170 989 1231 Christi
1015 1172 1156 1246 poculum
1184 1190 1300 1246 quaere,
1324 1170 1349 1224 ut

275 1277 335 1326 (roe)
349 1263 468 1318 terrena
495 1260 662 1338 fragilitate
690 1263 877 1336 contempta·
902 1261 1071 1319 substantia
1097 1260 1227 1319 hominis
1255 1262 1348 1317 inmor-

315 1361 330 1408 3
350 1349 406 1407 tali
428 1349 539 1424 pabulo
562 1351 723 1427 saginetur.
761 1348 834 1417 Quis
854 1352 898 1409 est
918 1354 1016 1409 autem
1035 1350 1084 1408 hic
1104 1352 1190 1425 panis
1213 1349 1261 1407 vel
1284 1346 1373 1423 quode·

350 1438 490 1515 poculum
516 1440 548 1496 in
572 1439 656 1497 libris
690 1438 857 1498 Salomonis
890 1439 1038 1515 sapientia
1066 1458 1176 1517 magna
1198 1457 1270 1498 voce
1296 1454 1349 1512 pro·

351 1526 483 1586 clamat?
506 1527 560 1586 Ait
579 1528 670 1586 enim:
694 1522 830 1586 ‘Venite
852 1528 1066 1587 manducate
1091 1528 1130 1585 de
1153 1530 1242 1586 meis
1264 1527 1350 1602 pani·

349 1617 414 1675 bus
438 1620 472 1675 et
494 1616 610 1676 bibite
633 1620 753 1675 vinum
778 1618 871 1693 quod
893 1611 1047 1676 miscui'.
1093 1618 1134 1675 Et
1151 1613 1350 1675 Melchisedech

350 1726 402 1764 rex
426 1705 525 1764 Salem
548 1711 579 1765 et
601 1707 738 1765 sacerdos
761 1707 870 1764 summi
893 1707 942 1765 dei
963 1707 1123 1765 revertenti
1142 1705 1280 1764 Abrahae
1297 1722 1351 1763 cun

350 1815 428 1871 pane
456 1798 486 1853 et
508 1797 579 1853 vino
607 1796 822 1854 benedictionis
850 1796 962 1870 optulit
984 1797 1121 1873 gratiam.
1167 1796 1254 1855 Isaac
1276 1796 1385 1852 esame

350 1903 419 1943 cum
437 1884 527 1943 Iacob
545 1884 751 1959 benedixisset,
770 1903 838 1942 cum
856 1885 912 1943 hoc
930 1884 1009 1944 idem
1028 1885 1109 1943 Esau
1123 1880 1184 1962 <a>
1199 1888 1283 1960 patre
1297 1901 1350 1955 sup·

351 1974 470 2050 pliciter
498 1974 636 2050 exigeret,
664 1972 818 2049 respondit
846 1974 873 2030 ei
901 1976 999 2049 pater:
1024 1968 1246 2031 ‘Dominum'
1268 1972 1351 2046 inquil

352 2058 471 2121 ‘illum
499 2063 570 2121 faci
597 2066 696 2121 tuum
725 2066 759 2121 et
787 2081 905 2121 omnes
933 2064 1067 2122 fratres
1096 2064 1172 2120 eius
1202 2064 1271 2121 feci
1293 2079 1352 2119 ser·

351 2171 426 2228 νοε,
449 2152 576 2211 tritico
601 2154 636 2210 et
658 2153 741 2210 vino
766 2152 984 2211 confirmavi
1007 2147 1136 2210 illum’.
1179 2152 1264 2209 Tunc
1285 2151 1353 2207 Esau

351 2260 437 2300 casus
470 2260 538 2300 suos
571 2241 679 2299 misera
711 2241 925 2299 lamentatione
958 2241 1085 2314 deflerit,
1114 2243 1186 2316 quia
1215 2241 1307 2299 tritici
1330 2238 1377 2293 eto

442 2429 477 2483 21
498 2430 562 2483 decl.
579 2430 610 2481 X
626 2434 656 2481 4:
675 2428 732 2480 iam
750 2427 839 2497 gelidi
857 2429 938 2498 piger
956 2428 1080 2496 corporis
1095 2427 1210 2497 sanguis
1226 2424 1353 2481 omnesin

351 2504 471 2554 mortam
494 2500 645 2553 strinxerat
663 2515 756 2553 venas.
785 2502 819 2567 cs.
835 2502 870 2553 A.
886 2500 996 2565 Becker,
1019 2501 1111 2553 lulius
1134 2500 1276 2553 Firmicus
1300 2496 1353 2549 Me·

352 2579 445 2626 ternus
462 2573 522 2626 aad
540 2571 845 2639 Pseudo-Quintilian,
868 2572 968 2625 Pholol.
988 2572 1065 2625 LVI
1079 2576 1142 2625 476.
1255 2570 1289 2623 12
1308 2567 1353 2621 Sal.

353 2645 434 2698 Proo.
449 2649 475 2710 9,
486 2649 511 2697 5.
585 2643 622 2696 18
644 2642 851 2709 Genes.14,18.
926 2642 961 2696 17
985 2643 1079 2697 Genea
1093 2647 1138 2708 27,
1148 2646 1192 2697 37.

444 2805 459 2858 1
479 2821 553 2876 pena
572 2805 631 2858 Hoc
649 2805 683 2857 P.
757 2802 774 2856 2
795 2803 821 2856 d.
832 2821 862 2870 p.
877 2802 1024 2870 praedicas
1043 2802 1107 2855 add.
1183 2800 1202 2854 3
1222 2802 1248 2855 d.
1259 2820 1289 2870 p.
1303 2816 1354 2852 cou-

351 2877 473 2929 taminat
491 2876 555 2930 odd.
620 2876 638 2929 t
658 2878 736 2928 srimo
754 2876 789 2941 P,
808 2878 917 2927 summo
935 2874 1057 2943 effecitp
1077 2874 1184 2927 lineolis
1201 2876 1280 2928 rectia
1297 2874 1355 2925 incr

352 2948 478 3018 stapulas
496 2949 601 3002 litterae
620 2965 648 2999 m
665 2948 760 3000 hortm
778 2946 940 3000 intermissis
945 2966 955 3010 ;
974 2946 1000 2999 d.
1016 2946 1079 3000 add.
1143 2944 1162 2997 d
1180 2945 1207 2998 d.
1218 2963 1248 3013 p.
1263 2943 1355 2997 relevat

236 3038 240 3045 ’
353 3021 417 3074 add.
478 3019 542 3072 act.
552 3037 583 3087 p.
599 3021 760 3086 contempta
779 3017 843 3071 add.
893 3016 1014 3069 nominis
1032 3018 1066 3073 P.
1128 3015 1166 3069 16
1185 3019 1215 3069 et
1234 3033 1296 3068 cum
1312 3013 1354 3065 hoc

352 3091 456 3145 mauult
476 3092 533 3144 Ηα.
589 3107 605 3143 a
625 3089 688 3144 add.
704 3090 749 3143 st.
803 3096 867 3157 post
885 3091 965 3155 patre
985 3095 1037 3143 tres
1056 3089 1161 3141 litterae
1178 3105 1282 3153 erosae,
1299 3098 1355 3154 quot

352 3164 480 3217 videntur
494 3178 544 3215 suo
558 3162 659 3228 fussam
673 3179 711 3215 aa
726 3177 778 3228 sup
793 3161 834 3213 bis
847 3158 999 3227 cereptum?
1050 3158 1089 3211 20
1102 3160 1128 3212 d.
1135 3177 1166 3226 p.
1176 3158 1289 3212 deflerit
1302 3154 1354 3209 add.

442 3340 460 3393 2
481 3341 571 3394 Mart.
587 3345 631 3405 33,
640 3344 679 3394 22
701 3338 839 3407 serpentis
862 3338 935 3391 ictus
958 3353 1042 3390 venas
1062 3336 1176 3406 stringit
1193 3335 1224 3388 in
1243 3339 1354 3388 mortem.

353 3414 388 3478 cf.
405 3414 455 3467 Mo
469 3417 513 3466 19.
551 3412 618 3477 scs.
631 3415 728 3476 rasa.
768 3410 782 3463 t
799 3410 834 3475 cf.
846 3412 945 3474 50,18.
966 3413 1011 3474 69,
1020 3412 1047 3461 s.
1077 3409 1167 3463 Mars.
1184 3399 1355 3461 Lxxxrx'

359 3485 434 3537 ⁷45:
451 3501 503 3552 per
519 3482 708 3537 immortalem
726 3485 858 3535 aeternae
876 3479 1074 3549 perpetuitatis
1094 3479 1230 3532 ordinem.
1259 3481 1306 3533 Mo
1318 3478 1353 3529 21.

411 3558 498 3610 Mart.
514 3559 577 3620 127,
586 3559 622 3609 21
636 3552 705 3624 (Sol)
719 3569 839 3621 magnae
857 3550 1016 3606 nobilitatis
1034 3550 1155 3618 largitur
1172 3550 1301 3620 insignia.
1325 3544 1352 3609 rs.

429 3634 468 3681 u.
493 3633 553 3694 154,
562 3632 607 3683 21.
631 3630 748 3692 183,19.
772 3629 836 3688 226,
847 3630 872 3679 3.
902 3620 1142 3678 nxvrrr’rso.
1236 3623 1253 3675 s
1277 3622 1308 3687 cs.
1324 3614 1353 3670 ad

429 3708 452 3753 0.
535 3699 574 3753 20
594 3700 683 3753 Matb.
700 3696 789 3750 LXX
795 3694 870 3749 11110
881 3696 918 3748 Π
929 3698 964 3749 13
982 3694 1063 3747 Hunc
1084 3694 1153 3761 (scil.
1169 3692 1352 3747 Archimedem

429 3770 503 3823 :ellus
574 3768 688 3835 lugubri
706 3781 831 3819 maerore
851 3765 969 3819 deflevit.
