3100 4359
323 375 344 439 6
535 394 539 407 ’
667 373 806 429 clamor
824 373 993 428 Marcam

308 545 443 620 ,quando
475 544 622 619 prodesse.
667 543 739 603 Alia
767 547 814 603 est
847 563 926 620 aqua
958 559 1018 620 qua
1047 544 1185 603 renovati
1207 545 1339 604 homines

323 638 527 694 renascuntur.
578 633 663 692 Hanc
695 652 805 708 aquam
838 651 934 709 quam
960 633 1033 694 colis
1070 652 1124 710 per
1156 652 1249 692 annos
1283 636 1339 693 sin·
1395 631 1396 638 ἶ

324 725 419 801 gulos,
443 725 488 782 vis
503 723 563 782 aha
582 723 713 783 decoctis
725 740 870 781 venarum
888 721 1037 782 meatibus
1061 721 1162 797 siccat,
1186 727 1241 782 aut
1263 726 1339 782 certe

324 814 459 871 frmestus
491 813 570 889 regis
602 813 648 869 tui
680 811 801 889 sanguis
833 811 1005 870 inmaculat.
1055 811 1144 870 Illam
1176 830 1267 887 quam
1300 812 1340 870 di-

324 901 414 978 spiois
436 902 566 978 ignitam
588 900 749 959 venerandi
777 902 901 977 spiritus
926 900 1083 960 maiestate
1111 901 1277 975 decoratur,
1310 904 1369 959 uta
1396 939 1397 946 .

325 1011 360 1050 ex
397 991 462 1064 ipsa
495 1009 550 1067 per
583 993 698 1049 veteres
732 989 929 1050 conscientiae
960 991 1121 1048 cicatrices·
1152 990 1340 1049 credentibus

289 1094 305 1141 6
325 1079 496 1140 hominibus
514 1080 656 1139 salutaris
670 1079 789 1160 ,amiur
806 1080 961 1156 inrigatum
996 1077 1054 1138 Sed
1071 1081 1103 1138 in
1122 1080 1168 1138 his
1187 1079 1340 1138 funeribus

325 1173 356 1228 et
378 1168 519 1241 luctibus,
542 1187 709 1244 quaerere
731 1170 802 1226 sunt
824 1168 938 1241 funera,
962 1187 1039 1244 quae
1062 1169 1142 1228 facta
1165 1171 1245 1228 sunt·
1270 1188 1340 1244 qno-

324 1277 392 1316 rum
424 1261 527 1317 extant
559 1257 705 1334 hodieque
735 1257 881 1332 reliquiae
912 1289 958 1297 -—-
988 1275 1058 1316 nam
1091 1260 1121 1316 et
1153 1258 1341 1332 sepulchrum

325 1343 462 1423 Osyridis
494 1347 642 1422 hodieque
674 1348 706 1405 in
733 1346 873 1424 Aegypto
907 1349 959 1421 est,
995 1348 1025 1405 et
1052 1347 1176 1405 cremati
1208 1349 1340 1422 corporis
1353 1366 1371 1404 n

325 1437 474 1512 reliquiae
504 1438 666 1495 cernuntur
695 1469 739 1476 —
769 1435 938 1495 defensores
966 1453 1068 1495 eorum
1099 1436 1205 1494 volunt
1235 1435 1341 1495 addere

325 1525 480 1602 physicam
504 1527 661 1598 rationem,
688 1527 808 1603 hugmm
831 1525 946 1584 semina
969 1523 1089 1601 Osyn'm
1116 1524 1247 1584 dicentes
1270 1543 1341 1597 esse,

325 1614 400 1674 Isim
422 1617 540 1673 terram·
565 1615 710 1689 Tyfonem
729 1614 866 1673 calorem.
905 1614 945 1672 ut
964 1615 1037 1688 quia
1053 1615 1222 1673 maturatae
1241 1615 1342 1690 fruges

325 1703 425 1762 calore
449 1703 487 1762 ad
503 1703 598 1762 vitam
620 1704 775 1762 hominum
799 1704 989 1780 colliguntur,
1013 1707 1043 1763 et
1066 1704 1179 1762 divisae
1204 1721 1222 1760 a
1244 1706 1342 1762 terrae

326 1793 476 1852 consortio
500 1796 686 1869 separantur,
716 1796 747 1851 et
769 1810 873 1851 rursus
897 1791 1155 1868 adpropinquante
1179 1793 1274 1851 hieme
1299 1812 1341 1852 se·
1354 1811 1372 1850 u

326 1882 488 1955 minantur,
515 1882 592 1941 hanc
620 1883 725 1941 volunt
752 1900 815 1942 esse
842 1883 968 1942 mortem
992 1879 1127 1958 Osyridis
1151 1901 1219 1940 cum
1242 1883 1341 1959 fruges

325 1971 503 2044 recondunt,
529 1972 732 2030 inventionem
760 1989 831 2030 vero
857 1989 927 2029 cum
954 1972 1053 2048 fruges
1081 1970 1222 2048 genitalis
1245 1974 1342 2029 terrae

327 2060 458 2120 fomento
492 2062 651 2134 conceptae
667 2075 673 2088 ·
689 2078 790 2119 annua
821 2077 923 2118 rursus
959 2059 1111 2135 coeperint
1137 2061 1342 2134 procreatione

234 2166 247 2185 ··
292 2148 471 2227 agenerari.
513 2148 593 2208 Pone
621 2149 698 2208 hanc
719 2169 822 2208 veram
840 2167 903 2208 esse
926 2168 1078 2208 sacrorum
1100 2148 1228 2208 istorum
1250 2151 1341 2208 ratio·

326 2257 403 2311 nem,
425 2257 501 2313 pone
524 2242 647 2313 propter
664 2239 765 2317 fruges
788 2241 859 2298 vota
881 2238 965 2297 reddi
987 2237 1171 2296 numinibus:
1194 2238 1268 2314 quid
1291 2238 1341 2298 ad·
1354 2257 1374 2294 no

264 2338 311 2387 (⁷8)
327 2327 372 2386 dis
395 2328 556 2400 incestum,
585 2328 657 2402 quid
685 2327 866 2386 adulterium
881 2343 886 2354 ·
901 2327 974 2403 quid
997 2326 1181 2386 miserandae
1210 2327 1343 2386 animad-

417 2460 433 2514 1
454 2479 528 2530 aqua
546 2465 602 2530 qua
616 2464 650 2516 P.
719 2462 737 2515 2
755 2464 940 2516 renascuntur
954 2461 1026 2516 inter
1039 2460 1211 2516 emarcidum
1225 2477 1293 2516 corr.
1309 2479 1342 2516 cx

326 2535 509 2586 renascantur
523 2535 557 2598 P,
574 2535 757 2587 renascantur
771 2534 811 2588 Fr
820 2535 868 2588 Bu
877 2534 928 2588 Hc
942 2536 1022 2600 (recte
1035 2533 1196 2586 emendabat
1210 2533 1282 2600 We).

326 2603 391 2658 sd.
402 2611 465 2658 autc
479 2605 520 2657 vis
534 2604 599 2659 cdd.
644 2603 664 2658 4
683 2604 799 2674 dispicis
814 2606 842 2658 P
858 2612 890 2659 ut
907 2607 972 2660 solet
989 2621 1040 2672 pro
1060 2603 1190 2672 despicis,
1209 2606 1282 2672 quod
1296 2622 1341 2674 pr.

327 2679 415 2739 (errat
428 2676 473 2730 Fr
481 2680 577 2745 p.18).
632 2675 650 2730 t
665 2675 757 2748 ignita
771 2677 830 2731 cdd.
842 2683 904 2731 acte
915 2677 973 2742 Ha,
985 2683 1010 2730 et
1019 2675 1064 2741 ss,
1074 2683 1104 2730 at
1113 2677 1148 2742 cf.
1158 2679 1247 2741 lau
1257 2683 1282 2730 et
1293 2675 1341 2731 Gr.

326 2745 347 2798 d
366 2743 392 2799 d.
442 2753 467 2801 st
485 2747 630 2803 cicatrices
649 2749 713 2802 add.
771 2748 786 2801 l'
807 2747 837 2801 in
856 2749 906 2802 dcl.
922 2748 973 2802 Kr.
1034 2746 1051 2800 8
1070 2761 1142 2800 verae
1160 2748 1195 2812 P,
1213 2763 1277 2800 vere
1293 2747 1342 2812 Fl,

326 2833 393 2871 vera
439 2819 526 2873 ssHa.
599 2817 667 2887 quia
685 2819 762 2873 facta
779 2821 811 2874 ci.
828 2820 884 2874 Ha.
962 2818 981 2871 9
1000 2817 1148 2886 relliquiae
1167 2817 1213 2884 St,
1232 2825 1342 2873 atcerte

324 2890 367 2943 sic
384 2890 533 2959 leyendscn.
622 2889 659 2943 la
677 2889 714 2944 Et
732 2891 793 2956 We,
811 2889 850 2943 Ut
868 2891 901 2944 P.
986 2887 1022 2942 14
1042 2889 1207 2960 colligunt..
1223 2890 1257 2945 P.

327 2960 426 3031 diuae
445 2961 479 3014 P.
535 2960 571 3015 15
591 2962 746 3015 seminatur
759 2963 794 3028 P,
808 2979 827 3013 n
842 2963 937 3030 addp
951 2977 1039 3029 supra
1052 2961 1104 3015 litt.
1118 2965 1138 3014 t.
1195 2959 1231 3014 lt
1246 2976 1341 3015 recon-

327 3031 400 3083 dunt
417 3031 611 3099 Reifferscheid
630 3034 688 3099 Hc,
707 3034 829 3088 reddunt
848 3036 882 3099 P,
906 3033 979 3101 quod
996 3034 1104 3099 frastra
1122 3038 1214 3087 tuctur
1231 3033 1282 3086 Fr.
1299 3035 1341 3094 18,

325 3102 483 3156 redduntur
497 3104 556 3170 We,
571 3105 696 3158 condunt
712 3106 752 3160 Gr
762 3107 811 3159 Bu
824 3106 856 3159 cl.
872 3108 952 3170 s,13.
971 3102 1102 3157 recidunt
1117 3103 1161 3157 Oc.
1223 3101 1341 3173 genitali

334 3173 449 3228 WoMa
458 3174 515 3228 Ha.
590 3173 626 3228 18
645 3177 672 3230 d.
687 3183 750 3230 ante
768 3191 863 3229 annua
881 3175 946 3230 add.
1020 3173 1056 3228 21
1078 3174 1209 3229 adulterii
1227 3177 1262 3229 P.

417 3279 437 3334 4
456 3281 656 3364 Mqtt.14,23
679 3281 762 3335 illum
785 3297 869 3351 quem
891 3281 968 3335 vides
987 3283 1134 3335 natantem
1150 3324 1155 3336 .
1171 3322 1178 3365 ⁸.
1195 3323 1200 3333 .
1216 3280 1341 3344 deficere,

325 3353 625 3478 {eslidieidiitritnte
639 3354 819 3479 haifstida&
837 3361 862 3408 et
877 3353 1080 3490 idaddadli'dd,
1090 3351 1342 3478 ledgliidorantihldi

325 3493 489 3548 hominibus
508 3495 666 3566 ingentium
679 3495 801 3550 fontium
820 3494 911 3550 calore
930 3497 960 3549 et
977 3495 1191 3549 fervescentium
1205 3511 1341 3564 aquarum

326 3565 449 3619 salutari
475 3566 600 3622 fomento
628 3567 779 3621 conciliata
807 3567 913 3621 sanitas
940 3566 1083 3637 irrigatur.
1193 3566 1231 3621 15
1253 3567 1341 3622 Maca

327 3636 423 3691 Lxl'
432 3639 471 3692 II
481 3641 518 3691 38
532 3640 651 3707 (mores)
665 3638 702 3693 ab
716 3654 812 3692 eorum
831 3638 970 3692 consortio
985 3640 1159 3707 separantur,
1174 3640 1209 3705 cs.
1221 3639 1302 3694 LXI
1304 3635 1340 3690 γ’

327 3709 386 3763 15.
406 3708 633 3765 LXVII'I31.
710 3710 745 3764 18
763 3712 798 3777 cs.
814 3714 859 3777 33,
871 3715 895 3764 5.
979 3709 1018 3764 20
1038 3711 1234 3776 Maturare
1252 3709 1343 3766 numi·

326 3779 412 3833 uibus
430 3782 497 3834 vota
514 3781 672 3836 reddamus.
