3100 4359
338 389 387 443 DE
405 388 554 444 ERRORE
571 386 768 444 Paos-saa.
784 388 864 443 GAP.
875 388 1077 444 xxv-XXVI
1172 390 1214 454 67

206 560 242 618 ad
263 558 489 618 inmortalitatis
512 558 670 635 imperium
690 553 896 618 oboedientiae
913 560 1020 619 merito
1038 560 1216 635 perveniret.

206 648 280 718 Quia
301 648 404 723 itaque
427 648 622 707 sacratissimi
639 650 834 724 imperatores
853 650 977 707 curiosis
1001 648 1122 707 auribus
1141 649 1214 707 satis

205 739 334 813 fecimus,
347 738 464 813 reliqua
476 730 713 818 persequamur(
729 752 765 795 ne
779 738 828 797 vel
842 740 884 796 sio
898 738 1085 813 pollutarum
1098 740 1216 796 aurium
1226 754 1267 801 sor.
1278 744 1321 789 sev

205 823 303 887 sordes
327 826 488 902 pin-iliceos
510 826 606 902 possit
628 845 725 887 sermo
747 846 886 905 purgare.

182 953 192 992 ο
290 933 397 992 XXVI.
430 932 574 1009 Sequitur
605 932 701 992 adhuc
734 933 823 993 aliud
849 933 1018 1009 symbolum
1051 933 1129 1010 quod
1162 954 1216 1010 pro

204 1038 310 1102 magno
334 1022 511 1082 miserorum
533 1021 689 1080 hominum
711 1022 838 1082 credulis
862 1022 983 1083 auribus
1005 1023 1149 1082 traditur:

304 1139 413 1210 ταῦρος
436 1128 597 1210 δράκοντος
628 1127 678 1188 καὶ
710 1129 821 1215 ταύρου
854 1129 972 1208 δράκων
1003 1125 1109 1213 πατήρ.
1231 1153 1289 1201 (119)

203 1238 375 1316 Aliquando
393 1237 479 1296 nobis
497 1238 584 1314 signa
602 1237 720 1295 diabole
739 1238 885 1297 maculati
902 1237 1032 1296 nominis
1050 1237 1219 1313 prodidisti,

204 1327 366 1404 aliquando
379 1327 491 1386 infame
505 1344 613 1385 nomen
627 1326 749 1402 proprie
762 1345 835 1386 voce
849 1326 1001 1387 confessus
1016 1342 1053 1386 es.
1084 1324 1151 1385 Scio
1166 1329 1219 1404 qui

170 1435 192 1474 ro
204 1418 309 1477 fueris·
324 1416 399 1492 quid
412 1434 501 1475 ausus
516 1418 565 1489 sis,
579 1414 640 1473 scio
656 1416 728 1491 quid
743 1416 848 1475 fecerit
861 1416 1004 1475 scelerum
1018 1419 1138 1475 tuorum
1156 1435 1218 1474 ma-

203 1508 308 1566 litiosa
330 1507 491 1581 persuasio.
533 1504 598 1563 Hoc
626 1503 692 1563 erat
712 1506 793 1580 quod
812 1506 894 1564 Evae
913 1524 980 1564 cum
999 1524 1064 1563 eam
1082 1505 1219 1580 perderes

204 1614 385 1674 magnopere
415 1593 617 1671 pollicebaris,
647 1613 715 1652 cum
744 1594 772 1653 ei
799 1594 924 1655 diceres:
956 1589 1085 1654 ‘Eritis
1116 1594 1220 1671 quasi

203 1681 282 1745 dii'.
328 1685 414 1742 Tunc
434 1685 497 1741 iam
518 1683 647 1759 parabas
669 1684 727 1741 tibi
749 1702 784 1742 ac
807 1686 867 1742 tuis
890 1684 1016 1759 templa,
1045 1687 1075 1742 et
1097 1684 1221 1742 delubra

203 1774 346 1847 faciebas,
370 1776 401 1832 et
418 1773 558 1831 venenati
578 1772 639 1831 oris
657 1772 800 1832 inluviem
824 1772 946 1832 nefariis
965 1773 1133 1831 cerimoniis
1152 1790 1220 1831 oon·

167 1882 191 1922 ιι
204 1862 351 1923 sacratas.
386 1861 487 1937 Serpis
505 1864 539 1919 in
557 1862 686 1937 templis,
705 1861 736 1921 et
754 1862 918 1921 occisarum
932 1860 1098 1921 hostiarum
1112 1864 1220 1922 misero
1240 1871 1256 1933 2

202 1952 336 2029 pasceris
364 1952 525 2028 sanguine,
552 1970 605 2009 nec
627 1952 750 2009 venenis
772 1952 833 2011 tuis
857 1970 943 2009 cruor
966 1951 1074 2026 defuit,
1102 1969 1156 2010 neo
1179 1970 1222 2011 se-

203 2045 323 2101 mustae
342 2043 539 2099 crematorum
557 2058 713 2115 corporum
731 2043 845 2115 partes,
859 2041 1061 2099 humanarum
1081 2043 1111 2099 te
1131 2040 1222 2100 etiam

203 2132 398 2192 uictimarum
429 2130 601 2204 frequenter
616 2181 618 2184 .
633 2130 778 2208 sanguine
816 2131 991 2204 cruentasti,
1029 2132 1060 2187 et
1090 2128 1222 2188 Latiaris

203 2221 316 2295 templi
337 2234 455 2277 cruore'
474 2219 524 2277 vel
546 2237 600 2278 ara
617 2218 807 2298 Kartaginis·
825 2219 924 2277 rabies
947 2222 1001 2277 tua
1023 2222 1054 2277 et
1076 2220 1223 2279 siccarum

166 2309 341 2370 rofaucium
363 2326 477 2367 venena
499 2308 614 2366 nutrita
637 2311 715 2389 sunt
754 2308 801 2365 Tu
823 2308 897 2367 haec
920 2308 1032 2367 faciens
1055 2307 1223 2368 hominibus

203 2403 235 2460 te
266 2398 385 2457 miseris
417 2397 559 2473 prodesse
590 2398 699 2471 iactas,
731 2400 765 2456 ut
795 2396 986 2457 crudelitate⁴
1002 2400 1055 2455 tua
1087 2398 1225 2473 perimas,

301 2584 337 2640 12
359 2586 426 2641 Gen.
442 2589 468 2651 3,
483 2589 508 2639 5.

301 2746 320 2799 8
338 2760 539 2816 persequamur
554 2746 559 2816 Ι
574 2744 617 2800 Ne
640 2744 687 2799 uel
706 2748 739 2812 P,
761 2747 795 2799 ut
816 2746 859 2799 vel
883 2764 946 2801 cum
964 2748 1007 2801 Fl
1019 2764 1062 2815 pr.
1100 2746 1226 2813 ‘sortasse

206 2835 286 2875 anne
303 2816 362 2871 ,rel’
383 2818 439 2871 Bu.
473 2818 541 2887 ‘epse
559 2818 655 2871 malim
676 2819 711 2870 ut
728 2819 797 2886 (sine
815 2816 885 2885 vel);
908 2835 975 2872 nom
993 2818 1101 2873 uidetur
1119 2819 1150 2870 ια
1168 2818 1225 2871 cod.

205 2892 313 2947 vitiata
331 2889 407 2943 lectio
424 2904 460 2943 ne
478 2897 503 2943 et
521 2905 585 2943 cero
603 2892 645 2954 ut,
663 2906 733 2957 quoe
749 2905 804 2944 οοα
821 2891 899 2943 toties
917 2890 948 2942 ia
966 2888 1013 2945 uel
1027 2890 1079 2959 (ut)
1099 2888 1177 2955 obiit,
1195 2890 1227 2941 ta

206 2979 301 3021 onum
327 2960 484 3015 coaiimce’
505 2961 564 3014 Hc.
597 2962 636 3015 Aa
658 2967 697 3015 est
719 2960 792 3013 illud
810 2976 845 3014 ne
861 2987 893 3005 =
909 2960 934 3013 ei
952 2959 1034 3027 forte,
1057 2961 1092 3026 cf.
1108 2961 1227 3023 Romo,

206 3037 247 3091 lt.
262 3050 292 3089 u.
308 3033 386 3102 Vulp.
396 3036 458 3098 401,
472 3032 600 3087 Heracus
612 3032 696 3086 Arcb.
710 3032 732 3098 f.
746 3033 815 3086 Lex.
829 3032 906 3087 XIV
920 3036 989 3098 a23‚·
1012 3033 1047 3098 cs.
1063 3036 1136 3099 80,1
1156 3032 1226 3099 (se).

209 3106 225 3166 ‚⁷
248 3103 365 3172 δράκων
381 3102 487 3169 ταύρου
502 3104 568 3169 Wo;
591 3110 622 3157 ot
638 3110 707 3159 reete
724 3111 814 3158 owner
831 3105 880 3159 Bu
894 3105 1020 3159 Firmior·
1032 3105 1127 3173 potios
1145 3120 1227 3172 quarn

207 3177 326 3233 librarii
347 3176 430 3243 adpo
448 3191 565 3230 errorem
582 3182 673 3230 ortum
690 3175 785 3229 uideri.
813 3184 815 3188 ’
860 3175 957 3244 θροοο
974 3192 1004 3229 es
1022 3192 1124 3229 rasura
1142 3176 1228 3230 emtus

209 3250 321 3305 litterae
337 3263 407 3315 quoe
424 3247 438 3299 t
455 3247 555 3313 fuerat
613 3246 649 3299 14
665 3245 824 3300 cerimoniis
839 3250 873 3313 P,
888 3246 1052 3301 ceremoniis
1070 3260 1105 3315 pr
1118 3252 1230 3315 praeter

212 3321 259 3375 Oe.
333 3316 371 3371 lo
390 3316 482 3371 defuit
499 3317 559 3371 Nec
577 3320 713 3372 semusto
728 3320 761 3385 P,
781 3335 809 3371 se
827 3318 923 3374 inusto
941 3319 982 3373 uel
1001 3320 1141 3371 semusto
1163 3319 1228 3387 lape-

209 3392 282 3449 bcot
294 3407 334 3459 pr
351 3395 378 3443 et
398 3388 552 3443 scribebant
573 3388 725 3443 semiustae
748 3407 809 3444 ααα
826 3392 876 3445 We
895 3394 936 3457 (se
955 3388 1061 3444 iniusto
1075 3390 1139 3457 Fe.)
1166 3410 1167 3413 ¹

212 3463 250 3517 17
272 3461 299 3514 d.
313 3478 340 3529 p.
357 3462 449 3529 psrtes
464 3460 529 3515 odd.
594 3461 630 3515 19
649 3460 814 3531 Kartaginis
827 3461 920 3515 rabies
935 3464 996 3515 tua·
1013 3463 1046 3516 P.
1102 3459 1137 3513 al
1157 3462 1232 3515 vocis

211 3534 305 3588 iactae
324 3534 429 3587 litterae
447 3532 506 3587 iact
524 3550 543 3587 o
560 3549 580 3600 p
597 3540 750 3594 reuocatae.

306 3708 343 3764 14
362 3711 397 3777 cf.
413 3714 457 3777 55,
468 3714 493 3763 7.
567 3711 657 3765 Metu.
675 3708 837 3765 01701138
857 3710 931 3764 caesi
950 3709 1129 3779 sempiternis
1144 3710 1232 3764 caeri-

213 3783 319 3837 moniis
337 3785 543 3836 consecrantur.

1036 3870 1070 3923 bt
