3100 4359
338 388 386 441 DE
404 386 553 443 ERRORE
571 387 674 448 Paos.
689 388 769 443 cut.
788 387 865 443 CAP.
880 388 1081 443 XXII—XXIII
1166 390 1209 453 59

195 557 347 615 diffusa
382 560 437 616 est
477 556 599 634 gratia
638 558 673 616 in
714 544 826 617 labiis
868 558 950 617 tuis.
1010 558 1206 633 Propterea
1221 572 1279 622 (11³)

195 646 381 705 benedixit
402 648 439 704 in
463 648 656 705 aeternnm.
702 645 901 724 Accingere
924 646 1086 723 gladium
1108 650 1208 707 tuum

196 738 291 795 circa
322 736 438 796 femur
468 738 730 811 potentissime.
782 734 907 811 Specie
938 738 973 794 et
1004 736 1207 812 pulchritu-

195 824 274 883 dine
298 828 360 883 tua
382 825 542 898 intende,
559 844 730 900 prospere
748 824 900 900 procede
919 828 956 883 et
974 844 1084 902 regna
1102 845 1207 900 prop-

171 916 248 973 ster
280 916 456 973 virtutem
487 917 522 973 et
552 914 863 973 mansuetudinem
891 918 925 973 et
951 915 1149 989 iustitiam,
1173 917 1208 974 et

193 1002 347 1061 deducet
377 1006 412 1061 ts
443 1002 668 1062 mirabiliter
704 1002 865 1064 dextere
901 1005 976 1061 tua.
1025 1003 1208 1082 Sagittae

193 1095 323 1151 acutae
359 1094 626 1168 potentissime,
657 1092 785 1168 populi
815 1093 924 1151 infra
954 1095 991 1152 te
1024 1093 1208 1153 decident

192 1181 227 1239 in
259 1181 365 1241 corde
399 1183 628 1240 inimicorum
664 1182 767 1259 regis.
815 1181 915 1240 Sedis
952 1184 1013 1239 tua
1050 1182 1135 1241 deus
1171 1184 1208 1242 in

192 1271 375 1330 saeculum
398 1271 548 1344 saeculi,
571 1272 675 1347 virge
696 1274 797 1329 recta
820 1274 874 1330 est
894 1271 997 1347 virga
1019 1273 1123 1349 regni
1144 1273 1206 1331 tui

157 1359 369 1419 reDilexisti
391 1359 574 1419 iustitiam
598 1359 712 1418 odisti
738 1359 987 1434 iniquitatem,
1013 1365 1208 1437 propterea

192 1450 317 1508 uncxit
339 1452 374 1506 te
398 1448 482 1508 deus
506 1452 589 1507 tuus
613 1449 727 1507 oleum
751 1449 922 1507 laetitiae
941 1467 959 1506 a
977 1451 1207 1510 consortibus

190 1542 272 1597 tuis.
320 1538 440 1614 Myrra
463 1541 499 1596 et
521 1540 626 1615 gutta
649 1540 683 1596 et
706 1539 824 1597 cassia
848 1557 866 1597 a
888 1537 1110 1599 vestimentis
1134 1540 1207 1600 tuis

190 1628 230 1686 de
263 1626 452 1685 aedificiis
484 1627 652 1691 eburneis
682 1646 721 1684 ex
754 1627 883 1701 quibus
910 1632 945 1685 te
976 1628 1205 1687 iocunditate

189 1710 426 1776 adfecerunt?
461 1716 633 1775 Inmortalis
656 1718 803 1793 unguenti
826 1718 939 1775 secreta
961 1717 1153 1792 pervidimus,
1178 1721 1241 1777 ets

152 1827 177 1866 rs
190 1806 312 1867 divinae
335 1805 421 1864 nobis
444 1805 649 1881 dispositionis
672 1805 744 1864 ordo
772 1808 956 1864 monstratus
982 1809 1034 1865 est.
1071 1807 1207 1884 Regnum

189 1897 371 1973 perpetuum
393 1898 424 1953 et
441 1894 517 1954 caeli
540 1894 677 1953 diadema
700 1894 820 1953 domino
843 1899 945 1954 nostro
969 1914 1036 1953 oum
1060 1898 1205 1973 unguenti

188 1986 349 2044 maiestate
380 1984 533 2043 conlatum
565 1986 618 2043 est.
666 1984 738 2052 Quis
771 1985 871 2042 autem
892 1978 895 2061 Ι
916 1983 964 2042 hic
1001 1984 1053 2059 qui
1085 1986 1207 2062 regendi
1215 1995 1256 2043 fu.
1266 1989 1311 2031 ²³⁰

188 2074 270 2133 orbis
295 2073 411 2148 accepit
432 2074 622 2149 potestatem,
646 2074 698 2148 qui
721 2074 884 2132 venerandi
902 2072 1031 2132 nominis
1049 2075 1207 2133 maiestate

187 2162 358 2235 decoratur,
385 2162 467 2220 eliud
494 2162 580 2221 nobis
608 2164 757 2222 monstret
784 2162 948 2221 oraculum.
994 2163 1047 2221 Ait
1074 2164 1154 2221 enim
1181 2163 1206 2223 is

149 2253 270 2312 soidem
294 2251 406 2310 David:
431 2246 489 2310 ‘Ue
511 2249 597 2326 quid
620 2252 845 2310 fremuerunt
867 2255 992 2329 gentes
1019 2256 1053 2311 et
1081 2254 1208 2328 populi

188 2342 363 2401 meditati
393 2343 476 2399 sunt
503 2338 654 2401 inania?
693 2339 931 2400 Adstiterunt
957 2359 1060 2418 reges
1088 2345 1207 2401 terrae

187 2434 223 2490 et
246 2430 436 2507 principes
463 2432 708 2489 convenerunt
736 2431 774 2488 in
806 2450 911 2488 unum
944 2430 1115 2490 adversus
1147 2430 1207 2491 do·

187 2520 325 2579 minum
357 2523 392 2578 et
424 2519 596 2578 adversus
629 2517 812 2578 Christum
849 2515 944 2577 eius?
992 2518 1071 2586 Quid
1102 2522 1132 2579 te
1165 2522 1207 2580 sic

281 2706 319 2761 so
339 2709 385 2765 n.
399 2712 500 2776 nist.

995 2780 1005 2808 Ι

199 2864 202 2867 >
281 2848 368 2903 suu
383 2849 451 2903 neus
466 2850 589 2904 arunt
598 2855 663 2917 poc
676 2825 927 2916 benedffitsozem
940 2849 994 2903 uu
1008 2851 1051 2905 iu
1064 2851 1206 2906 unxi:

188 2918 341 2991 εὖλόγησέν
360 2937 389 2976 os
408 2920 423 2975 d
441 2919 519 2983 θεός.
575 2922 601 2976 d.
612 2939 642 2989 p.
658 2923 806 2975 aeternum
823 2921 887 2975 add.
961 2919 1206 2990 bpotentissime;

189 2992 292 3063 Specie
307 2995 335 3047 P
349 3000 375 3047 et
393 2993 452 3047 edd.
468 3000 532 3046 ante
547 2992 597 3047 Ha
652 2992 664 3044 ι’
677 2991 877 3083 potentissime
892 3008 965 3061 spec.
982 2994 1011 3045 et
1024 2992 1132 3062 pulchr.
1147 2997 1206 3049 tus.

188 3067 221 3119 d.
238 3064 343 3119 LXX:
361 3063 463 3119 δυνατὲ
482 3071 515 3134 τῇ
535 3008 684 3146 designes
699 3079 750 3117 σου
764 3070 811 3118 etc.
849 3062 868 3118 4
887 3064 914 3119 d.
927 3080 955 3132 p.
971 3064 1085 3119 intende
1105 3066 1170 3120 add.

188 3152 296 3207 regna·
310 3134 429 3204 Propter
443 3138 475 3191 P.
548 3135 566 3189 5
585 3138 733 3189 ventatem
749 3136 799 3190 Wo
813 3142 838 3191 et
852 3137 908 3203 Bu,
922 3142 954 3189 et
966 3137 1066 3192 babent
1081 3138 1169 3191 LXX
1183 3144 1208 3192 et

191 3208 274 3278 ΟΨ.
289 3208 433 3261 testim.II
443 3211 489 3261 29.
543 3206 772 3261 mansuetudine·
788 3206 935 3261 &iustitie
950 3207 973 3261 tr
988 3210 1020 3263 P.
1076 3209 1095 3263 6
1114 3208 1206 3279 Sagit-

189 3282 238 3334 tss
259 3278 369 3350 (tuse)
384 3280 432 3333 Bu
447 3277 497 3332 Ha
515 3296 549 3333 ex
567 3278 663 3333 LXX.
742 3278 757 3333 7
779 3280 804 3333 d.
816 3296 845 3347 p.
860 3280 1056 3348 potentissime
1075 3280 1138 3334 add.

189 3350 267 3404 intra
282 3351 316 3416 P,
334 3349 408 3403 infre
427 3351 476 3404 Bu
489 3351 591 3404 Haece
609 3350 705 3404 LXX.
775 3349 793 3404 8
812 3352 894 3405 tertia
912 3351 922 3404 i
940 3352 1013 3406 eoos
1030 3350 1207 3405 inimicorum

190 3440 259 3477 corr.
275 3439 309 3476 ex
327 3438 343 3475 o
362 3440 381 3476 a
400 3424 433 3477 P.
487 3420 572 3475 Sedes
587 3440 633 3490 pr,
652 3428 682 3475 at
699 3422 734 3489 os.
754 3422 793 3475 ud
810 3424 910 3488 22,12.
962 3423 1007 3476 dd.
1018 3440 1048 3493 p.
1064 3422 1083 3475 9
1102 3420 1207 3476 saeculi

191 3501 216 3548 et
236 3493 274 3547 10
297 3493 478 3562 iniquitatem
497 3494 562 3548 odd.
646 3491 683 3545 ls
706 3492 884 3547 iucunditate
902 3494 955 3548 edd
978 3501 1089 3563 praeter
1102 3494 1158 3559 Bu,
1177 3500 1207 3547 ot

189 3568 225 3632 cf.
240 3568 286 3631 45,
297 3568 322 3619 5.
392 3563 429 3619 14
448 3564 475 3619 d.
490 3570 557 3619 aaa*
573 3565 601 3617 et
620 3564 684 3617 add.
754 3563 790 3616 17
811 3564 933 3637 regende
952 3566 985 3620 P.
1053 3564 1089 3619 21
1109 3564 1207 3618 inanis

190 3637 372 3691 Adstiterunt
391 3638 422 3691 P.

282 3777 319 3833 15
339 3779 374 3845 cs.
389 3780 427 3849 ad
445 3782 542 3846 s7,13.
617 3778 654 3832 18
673 3780 707 3846 cs.
723 3783 750 3854 ⁶2
759 3783 786 3832 5.
