3100 4359
314 391 363 446 DE
381 392 530 447 ERRORE
548 392 651 449 Pron.
666 392 745 447 REL.
765 392 842 447 cAP.
856 391 1071 447 xxm-mv
1161 392 1202 456 61

186 561 326 638 conplato
349 561 523 623 diurnarum
541 562 682 621 horarum
700 563 801 637 spatio
819 564 978 637 properato
998 579 1085 620 oursu
1106 560 1205 638 vergit

185 653 218 709 in
237 643 364 711 nootem.
401 650 479 711 Eooe
497 651 556 711 veli
577 652 703 728 fastigia
723 669 840 710 summa
862 650 1024 723 finduntur,
1049 652 1079 708 et
1102 650 1203 709 obseu-

186 739 317 799 rioribus
339 738 470 799 tenebris
497 740 599 800 orbem
625 744 774 800 terrarum
802 740 898 817 caligo
922 741 1017 799 noetis
1041 739 1203 799 absooudit.

188 828 300 889 Omnia
321 828 468 888 elementa
492 827 610 888 Christo
633 831 787 907 pugnante
810 828 933 888 turbata
956 831 1034 903 sunt,
1056 831 1129 887 tuno
1148 829 1202 887 soi·

161 918 260 977 elioet
291 936 359 976 oum
389 918 518 994 primum
550 921 656 979 eontra
685 917 792 977 mortis
822 918 1014 994 tyrannidem
1041 916 1203 976 humanum

186 1025 298 1083 eorpus
317 1009 455 1082 armarit.
492 1006 548 1066 Per
565 1008 699 1067 triduum
716 1006 776 1065 ista
794 1006 1014 1067 oonfliotatione
1037 1009 1204 1084 pugnaturn

185 1100 242 1170 est,
270 1094 416 1171 quamdiu
443 1114 523 1155 mors
550 1097 699 1173 superatis
726 1096 860 1155 malitiae
889 1115 959 1156 suae
987 1095 1101 1155 viribus
1124 1097 1203 1155 fran-

186 1188 319 1263 geretur.
365 1184 444 1253 Quid
480 1185 570 1245 solita
600 1184 782 1261 inpatientia
818 1185 906 1245 homo
942 1184 1080 1263 religiose
1116 1185 1239 1245 homot

187 1274 303 1334 Christi
325 1274 465 1350 desperas
483 1277 518 1333 et.
536 1273 656 1335 defluis?
679 1274 785 1333 Tridui
807 1292 921 1333 moram
944 1292 1003 1332 non
1026 1272 1117 1333 feris?
1141 1273 1205 1333 Sol-

150 1386 174 1423 ro
188 1362 377 1423 lioitudinem
405 1381 439 1422 ao
466 1364 702 1440 desperationem
729 1366 816 1423 tuam
842 1364 928 1423 novis
955 1362 1090 1439 praeibus
1116 1363 1206 1423 eonfi-

187 1450 288 1513 teris?
333 1452 398 1511 Hoo
429 1456 460 1512 te
491 1453 641 1513 facturum
674 1471 737 1513 esse
769 1453 822 1512 illo
853 1453 900 1512 die
933 1452 1057 1529 spiritus
1085 1456 1205 1513 sanetus

187 1541 361 1602 veneranda
383 1560 455 1601 vooe
477 1542 635 1620 signifieat,
658 1559 723 1601 oum
747 1562 802 1617 per
824 1542 923 1601 David
945 1541 1031 1600 dicit:
1074 1536 1206 1601 ‘Aesti-

186 1630 280 1689 mati
298 1648 417 1689 sumus
434 1630 532 1690 siout
550 1650 633 1691 oves
656 1632 861 1691 occisionis.
898 1631 1073 1707 Exsurge:
1095 1648 1206 1706 quare

186 1719 372 1779 obdormis
391 1719 551 1779 domine?
580 1720 740 1799 Exsurge
764 1723 800 1779 et
821 1740 864 1779 ne
883 1719 1071 1796 disperdas
1092 1738 1206 1795 usquo

148 1832 171 1873 u
186 1811 233 1869 ad
257 1809 379 1867 finem.
416 1808 530 1877 Quare
548 1810 679 1869 faeiem
696 1814 796 1868 tuam
815 1806 973 1870 avertis?
1006 1807 1206 1868 Oblivisce-

186 1899 240 1958 ris
272 1899 433 1973 inopiam
465 1902 626 1958 nostram
653 1902 689 1959 et
714 1899 1009 1971 tribulationem,
1038 1900 1207 1975 quoniam

186 1986 389 2047 humiliata
412 1989 467 2046 est
489 1990 526 2046 in
548 1988 698 2064 pulvere
722 1990 841 2047 anima
863 1990 1002 2062 nostra,
1029 1987 1148 2047 haesit
1170 1988 1207 2045 iu

186 2079 291 2137 terra
319 2078 445 2136 uenter
476 2081 608 2136 noster.
653 2078 815 2154 Exsurge
850 2075 990 2135 domine
1022 2095 1121 2151 opem
1153 2077 1278 2137 ferun)

187 2166 296 2226 nobis
328 2170 361 2225 et
392 2165 508 2224 libera
539 2183 603 2226 nos
635 2169 784 2243 propter
815 2185 939 2225 nomeu
966 2159 1085 2224 tuum?
1131 2167 1243 2225 Eooet

147 2278 173 2317 ao
188 2259 262 2335 post
285 2254 419 2313 triduum
442 2254 569 2314 lueidior
590 2274 610 2314 a
632 2256 721 2315 solito
744 2255 807 2315 dies
830 2255 935 2329 onitin,
959 2259 988 2315 st
1010 2255 1129 2314 reddita
1151 2254 1208 2313 soli

188 2346 350 2422 praetoriti
373 2343 494 2403 luminis
517 2346 632 2423 gratia·
652 2346 840 2420 omnipoteus
863 2344 933 2403 deus
959 2343 1092 2403 Christus
1111 2345 1225 2420 splen

188 2432 359 2493 didioribus
377 2432 449 2493 solis
467 2434 561 2495 radiis
579 2434 751 2493 adornatur.
788 2434 914 2493 Exultat
937 2433 1068 2493 salutare
1090 2453 1209 2508 numen,

189 2527 223 2583 et
246 2522 445 2597 triumphales
472 2540 578 2581 currus
606 2522 670 2582 aius
696 2522 844 2581 iustorum
867 2541 902 2581 ao
925 2525 1096 2586 sanatorum
1118 2522 1209 2582 turba

285 2654 303 2709 a
323 2656 426 2711 Mane.
441 2660 485 2723 17,
496 2660 539 2711 51.
600 2656 637 2711 ra
657 2658 704 2713 Pr.
718 2661 889 2724 asoa-27.
953 2656 991 2711 aa
1012 2657 1089 2712 oue.
1105 2658 1209 2724 Amr,

191 2734 219 2796 7,
231 2730 281 2783 37:
299 2725 433 2796 Qmeque
450 2730 514 2782 tuos
534 2744 630 2782 ourrus
649 2728 800 2783 comitatus
819 2728 902 2783 turba
921 2730 1060 2797 sequetur.

286 2834 418 2905 lspatid
435 2833 465 2890 P.
550 2835 611 2890 td.
622 2854 653 2906 p.
668 2837 711 2889 est
730 2835 795 2891 add.
875 2835 1056 2904 Edesperas·
1072 2834 1095 2888 ds
1114 2834 1220 2888 deficis·

193 2906 286 2962 tridui
305 2908 337 2963 P.
419 2906 501 2961 fens:
519 2909 554 2975 os.
570 2906 608 2961 ad
626 2910 723 2974 50,14.
756 2908 782 2961 d.
793 2925 824 2977 p.
839 2906 906 2961 feris
925 2908 990 2961 odd.
1073 2905 1110 2961 12
1128 2906 1210 2961 verbo

192 2977 394 3036 Aestimati-
414 2976 452 3031 lt
470 2977 683 3033 tribulationem
701 2994 758 3033 oon
775 2980 908 3033 distinata
926 2979 958 3033 iu
976 2981 1009 3036 P.
1083 2975 1120 3032 14
1138 2979 1211 3033 vocis

193 3048 338 3104 obdormis
357 3050 463 3105 litterae
481 3049 517 3104 ob
536 3057 713 3105 eoonuenmt
792 3049 829 3103 15
849 3048 952 3103 abertis
973 3051 1005 3104 P.
1086 3049 1121 3104 17
1142 3049 1168 3103 d.
1178 3068 1209 3119 p.

193 3123 293 3175 nostra
311 3120 377 3175 add.
468 3120 505 3174 18
524 3120 581 3175 ser·
596 3121 678 3176 nobis
698 3124 730 3177 P.
814 3119 854 3175 20
872 3120 1011 3176 lucidiora
1029 3120 1112 3175 solito
1128 3124 1161 3187 P,
1175 3122 1209 3187 cs.

195 3192 281 3247 Kroll
299 3192 376 3247 Mus.
391 3192 478 3247 Elaea.
494 3192 560 3248 LII
574 3197 639 3247 588.
667 3192 788 3247 lucidior
811 3191 894 3247 solito
913 3210 975 3247 oum
992 3194 1035 3248 Fi
1048 3211 1087 3262 pr
1100 3198 1212 3262 promer

195 3266 251 3319 Bu.
328 3262 363 3317 21
385 3263 479 3335 gratia
497 3264 674 3333 omnipotens
693 3266 726 3331 P,
748 3264 855 3335 gratia:
875 3264 1051 3333 omnipotens
1066 3280 1211 3333 meram

190 3354 237 3404 pr.
312 3333 349 3387 22
372 3336 507 3389 adoratur
524 3336 560 3401 P,
582 3335 683 3391 eust
701 3337 847 3403 el.12,10.
873 3339 917 3401 55,
927 3340 970 3390 11.
1004 3336 1094 3391 Mart.
1110 3337 1210 3401 57,27.

194 3410 315 3473 246,24.
349 3406 422 3461 OH'
437 3406 477 3461 ΙῙ
486 3410 522 3462 30
536 3413 582 3461 oet.
655 3408 682 3460 d.
694 3424 723 3475 p.
738 3424 842 3461 numen
861 3407 925 3462 add.

288 3511 307 3567 4
325 3514 429 3568 Arrwb.
444 3514 464 3566 Ι
480 3516 516 3568 52
533 3512 663 3567 universa
681 3514 780 3567 mundi
799 3516 864 3567 sunt
882 3513 1021 3569 elementa
1039 3513 1161 3567 turbata.

196 3585 217 3638 ὅ
234 3586 272 3652 es.
287 3585 325 3639 ad
343 3588 438 3652 34‚18.
522 3585 537 3638 ⁷
558 3586 593 3652 es.
609 3586 647 3639 ad
666 3589 709 3652 19,
721 3590 744 3639 7.
824 3585 862 3639 20
880 3586 1005 3640 ooeulam
1023 3603 1039 3639 a
1057 3602 1107 3654 pro
1127 3584 1210 3638 ablat.

196 3656 513 3725 componebamus.
534 3656 725 3721 Marenem.
739 3658 934 3725 207,11(Kr).
1010 3658 1212 3721 armanore

249 3726 322 3781 tiam
341 3726 496 3781 dulcissimi
514 3726 630 3781 luminis
648 3727 750 3781 reddis.
779 3728 814 3793 of.
829 3728 862 3783 de
876 3744 926 3782 err.
942 3731 1034 3795 12,16
1051 3734 1077 3782 et
1094 3731 1139 3792 48,
1149 3731 1175 3780 3.

217 3797 236 3853 2
255 3800 292 3870 (et
310 3796 328 3851 2
342 3814 373 3868 9.
388 3800 436 3868 62)
453 3798 578 3853 salutare
596 3814 700 3853 numen
718 3800 800 3853 botes
819 3798 909 3853 Mart».
924 3802 1016 3855 2229
1030 3804 1055 3855 et
1073 3801 1153 3864 95‚7.
