3100 4359
711 376 807 437 §aa
1199 371 1263 426 xxi

247 539 439 618 polysyndeti
447 538 580 599 membra
588 540 762 615 plerumque
772 540 873 598 omnia
882 539 1117 616 distinguuntur,
1126 542 1263 617 quamvis

248 630 383 690 clausula
406 627 493 707 absit,
516 627 599 688 velut
621 627 679 686 ΧΠ
699 630 717 688 3
742 630 886 705 scriptum
909 631 966 688 est:
1000 629 1071 703 Quis
1094 627 1264 689 accamoni·

247 721 314 792 quis
340 713 438 793 olopb‘
471 721 537 792 quis
564 718 741 792 menalippe·
769 721 836 791 quis
864 714 965 778 ebione
986 719 1169 793 ippotboeaqs
1201 736 1261 778 cor·

246 810 376 882 nuperi&
398 827 434 869 ao
447 807 565 869 statim:
586 806 725 880 Steropen
744 811 837 866 ornas
862 802 996 882 aetbyssd
1009 809 1100 882 rapit·
1122 803 1261 882 seucum

245 901 374 971 arcprct·
398 899 493 971 querit
505 897 602 970 ptboc.
643 896 687 955 Et
708 899 876 956 arsinoe...
893 944 898 955 .

337 986 449 1055 Quibus
473 984 634 1061 exploratis
657 986 753 1044 oritur
776 986 920 1061 quaestio,
951 987 1099 1062 quatenus
1120 985 1206 1046 nobis
1228 988 1313 1054 in§4

244 1075 433 1138 instituenda
464 1093 543 1134 nova
575 1073 704 1133 editione
736 1074 791 1134 illa
825 1075 946 1150 codicis,
978 1076 996 1134 i.
1026 1094 1049 1133 e.
1082 1075 1131 1134 vel
1167 1076 1261 1152 ipsius

246 1164 371 1222 Fir-mici
398 1165 446 1223 vel
473 1163 662 1240 grammatici
688 1155 847 1242 alicuius)
878 1183 937 1222 non
967 1164 1061 1224 multo
1090 1163 1261 1240 posterioris

249 1251 403 1313 distinctio
421 1252 606 1328 respicienda
629 1253 676 1311 ait.
713 1252 758 1310 Ac
782 1271 935 1328 speramus
957 1253 1033 1312 hsnc
1057 1255 1262 1329 quaestionem
1338 1273 1344 1282 ·

246 1360 314 1401 cum
337 1343 469 1401 omnium
492 1359 636 1400 consensu
659 1341 736 1400 solvi
757 1359 851 1417 posse.
898 1341 962 1402 Hoc
986 1344 1063 1400 enim
1087 1342 1261 1401 confidimus

245 1449 348 1490 omnes
373 1431 550 1507 probaturos
578 1448 640 1489 esse
668 1431 825 1506 antiquam
852 1433 953 1507 potius
981 1430 1202 1491 distinctionem
1229 1434 1261 1490 in

245 1522 332 1579 textu
349 1520 516 1596 ponendam
535 1538 598 1579 esse
616 1519 733 1595 antiqui
747 1519 908 1596 scriptoris,
933 1538 1022 1595 quam
1047 1539 1106 1595 qus
1129 1538 1182 1579 nos
1205 1521 1262 1580 soli

246 1607 390 1668 Germani
402 1609 618 1683 mentimur,
640 1626 709 1667 oum
728 1611 894 1668 ceterorum
908 1609 1089 1670 consuetudo
1113 1609 1153 1668 ad
1175 1628 1261 1669 usum

245 1697 403 1774 antiquum
430 1698 564 1774 proxime
591 1697 720 1756 accedet.
767 1697 955 1773 Quamquam
977 1717 1034 1758 non
1059 1698 1090 1757 id
1114 1698 1260 1776 agendum

245 1789 302 1866 est,
311 1790 346 1846 ut
359 1789 487 1863 pristina
501 1790 601 1846 textus
614 1786 711 1845 forma
725 1788 807 1845 omni
821 1806 856 1845 ax
870 1791 956 1862 perte
970 1788 1152 1847 restituatur.
1174 1785 1260 1856 Quis·

244 1894 317 1933 nam
330 1877 435 1935 titulos
448 1878 585 1936 imitatus
600 1875 778 1952 capitalibus
792 1876 902 1935 litteris
916 1875 1040 1935 utetur?
1067 1876 1162 1935 Immo
1176 1877 1260 1936 hodi·

245 1983 351 2024 ernum
365 1984 451 2025 usum
464 1965 561 2024 multo
580 1958 811 2024 commodiorem
828 1963 978 2024 hodiernis
998 1965 1157 2025 lectoribus
1171 1985 1261 2025 unus

245 2054 371 2130 quisquc
393 2053 449 2113 hec
469 2055 500 2112 in
520 2073 552 2111 re
573 2054 729 2130 praeferet,
749 2056 785 2113 ut
805 2056 858 2129 qui
875 2056 1020 2130 perpetua
1038 2054 1260 2114 continuatione

245 2163 281 2201 ex
304 2142 358 2202 illo
386 2145 510 2220 antiquo
538 2162 619 2202 more
647 2146 729 2202 ortus
756 2143 804 2203 sit.
851 2143 965 2202 Eadem
988 2143 1109 2202 fortuna
1139 2162 1193 2203 uss
1216 2145 1261 2203 est

243 2234 324 2292 ratio
362 2231 571 2312 distinguendi,
608 2251 685 2308 quae
721 2232 818 2291 adhuc
849 2232 944 2291 veteri
981 2232 1188 2293 consuetudini
1222 2233 1260 2292 si·

243 2321 374 2381 millima
396 2341 415 2381 a
438 2321 642 2398 Francogallis
674 2321 760 2380 Italis
798 2320 941 2398 Hispanis
978 2325 1121 2381 seruetur.
1181 2321 1260 2392 Quid

244 2406 357 2486 porro?
397 2411 503 2470 Nonne
534 2412 670 2486 ineptum
706 2411 827 2470 omnino
863 2412 948 2470 novis
985 2411 1189 2488 distinguendi
1220 2411 1260 2471 lo·

244 2499 332 2578 gibus
368 2499 529 2577 subiugare
565 2499 753 2574 scriptorem,
791 2501 843 2575 qui
875 2500 914 2559 ad
945 2501 1033 2576 plane
1066 2500 1157 2560 aliam
1193 2519 1260 2560 nor·

244 2607 325 2647 mam
348 2589 485 2664 periodos
508 2593 539 2648 st
561 2589 728 2663 composuit
752 2592 782 2647 et
805 2589 971 2666 disposuit?
990 2620 1035 2630 --
1053 2589 1118 2648 Hoc
1141 2607 1260 2665 quoque

244 2677 541 2738 animadvertendum
575 2673 726 2756 ‘logicam'
754 2678 843 2741 illam
875 2678 1077 2756 distinguendi
1104 2680 1260 2752 rationem,

244 2785 323 2842 quae
346 2769 437 2826 ctiam
459 2769 492 2826 in
514 2767 674 2827 vernacule
688 2766 794 2845 lingua
807 2770 911 2826 nostra
924 2767 973 2826 hic
987 2767 1050 2826 illio
1069 2786 1122 2826 nos
1137 2766 1260 2826 offendit

244 2873 281 2916 ao
312 2856 440 2916 vinculis
467 2856 578 2915 invidis
605 2856 759 2932 implicare
787 2855 906 2916 videtur
931 2856 1059 2915 liberum
1086 2875 1259 2930 sermonem,

242 2945 366 3022 linguae
388 2943 515 3005 Latinae
541 2944 636 3004 indoli
662 2945 803 3004 acerrime
831 2964 1004 3024 repugnare.
1043 2945 1163 3004 Etenim
1193 2963 1260 3004 oum

242 3034 329 3096 facili
350 3034 405 3093 illa
435 3038 466 3094 et
497 3035 595 3094 faceta
627 3035 690 3093 eius
722 3035 845 3112 linguae
872 3034 1040 3094 mobilitate
1065 3033 1129 3092 fieri
1155 3033 1259 3110 possit,

242 3125 280 3182 ut
311 3123 388 3182 miro
418 3124 507 3183 modo
539 3128 570 3183 at
601 3123 761 3183 verborum
794 3126 824 3182 ot
856 3123 1070 3182 sententiarum
1103 3123 1258 3199 dispositio

244 3214 393 3286 varietur,
426 3230 485 3287 quo
507 3213 636 3289 plastica
659 3215 695 3271 ut
720 3212 766 3271 ita
794 3211 927 3272 dicamus
956 3215 986 3270 et
1009 3211 1139 3271 dilucida
1167 3210 1259 3271 dictio

242 3301 383 3376 efficitur,
413 3303 545 3380 grauiter
566 3302 705 3361 incedens
732 3302 831 3379 logica
854 3300 1007 3361 distinctio
1035 3301 1177 3380 gracilem
1200 3319 1259 3360 ser·

242 3408 362 3451 monem
398 3391 520 3450 minime
552 3391 638 3467 sequi
670 3393 769 3467 potest
803 3391 877 3466 pede
910 3390 1023 3450 claudo.
1081 3390 1258 3466 Saepissime

242 3479 399 3540 haeremus
414 3483 445 3539 et
458 3481 672 3559 grammaticae
691 3479 765 3538 artis
785 3481 950 3556 praeceptis
970 3479 1180 3558 distinguendo
1201 3479 1258 3538 sal·

335 3616 361 3682 1)
379 3613 420 3667 De
439 3616 563 3668 veterum
581 3613 829 3685 grammaticorum
845 3613 1005 3682 praeceptis
1020 3612 1258 3668 consentientibus

241 3701 308 3739 cum
317 3685 437 3756 legibus,
443 3683 545 3754 quibus
550 3684 675 3739 Terentii
682 3687 775 3738 textus
785 3684 815 3737 in
820 3684 964 3752 Bembino,
970 3683 1084 3738 Firmici
1093 3685 1123 3737 in
1129 3683 1258 3740 Palatino

241 3755 396 3811 distinctus
419 3759 470 3822 ost,
484 3774 508 3811 v.
523 3755 674 3822 Ksuerum‚
690 3755 742 3809 ‘Zu
756 3755 882 3824 Terens,
896 3774 923 3826 p.
940 3760 974 3809 60
984 3771 1053 3824 sqq.¹
1069 3760 1102 3809 87
1113 3773 1184 3824 sqq„
1199 3761 1257 3808 113.
