3100 4359
687 359 782 421 §aa

233 524 312 582 niter
332 523 369 583 ab
392 522 530 582 omuibus
548 522 686 600 gentibus
710 521 890 582 adhibentur
912 555 954 562 —
978 521 1154 598 praesertim
1177 540 1244 580 cum

233 613 316 671 novis
347 614 507 671 inventis!
526 614 556 671 et
582 613 741 688 praecipue
760 613 775 670 ‚2
794 611 861 688 quis
888 612 963 670 velit
985 608 1104 670 carere?
1129 642 1184 685 —‚
1208 630 1243 670 ea

233 701 298 778 lege
320 702 377 775 usi,
399 704 434 760 ut
455 701 514 760 nisi
537 701 672 760 clausula
694 701 824 760 formata
846 700 914 760 finis
937 700 1065 759 colivet
1088 702 1242 760 commatis

230 790 389 864 indicatur,
411 789 532 849 minime
550 788 791 866 distingueretur.
828 789 933 866 Neque
952 808 1022 848 vero
1045 789 1101 848 hoc
1124 790 1242 849 sufficit.

231 879 350 938 Etenim
379 898 446 939 cum
473 879 554 937 intra
580 881 758 939 sententiam
786 881 818 937 in
845 878 903 938 fine
931 880 1086 938 commatis
1109 878 1243 937 clausula

230 972 338 1042 exstat,
360 969 437 1027 hanc
464 986 582 1044 quoque
609 969 801 1028 distinctione
828 967 992 1027 notandam
1019 985 1083 1028 esse
1109 970 1242 1043 apparet.

231 1056 345 1127 Quodsi
358 1057 402 1115 ibi
415 1075 532 1134 quoque
557 1051 695 1116 ‘comma'
720 1058 800 1134 quod
818 1075 873 1117 uos
891 1075 970 1116 nuno
983 1074 1122 1116 vocamus
1140 1075 1244 1136 ponas,

229 1146 406 1220 verendum,
435 1166 472 1206 ne
502 1148 699 1223 grammatica
728 1148 879 1206 structura
908 1145 996 1205 nimis
1027 1146 1152 1205 obscura
1181 1145 1243 1218 fiat,

229 1237 311 1314 quod
343 1235 522 1309 cavendum,
550 1236 575 1294 si
603 1235 668 1294 fieri
703 1239 811 1312 potest.
867 1234 964 1304 Quare
996 1237 1027 1294 et
1050 1234 1181 1311 Scyllam
1214 1240 1244 1293 et

229 1324 414 1401 Charybdim
437 1324 563 1384 vitaturi
581 1324 726 1400 peculiari
748 1327 834 1402 siguo
853 1325 1004 1383 clausulae
1026 1325 1108 1383 iutra
1126 1328 1243 1384 senten-

228 1415 307 1474 tiam
329 1415 445 1490 positae
462 1415 511 1474 usi
533 1432 634 1473 sumus
653 1417 764 1491 puncto
783 1431 876 1489 supra
894 1413 1005 1471 lineam
1019 1415 1181 1472 constituto
1196 1405 1242 1493 (u)

228 1502 318 1573 Quod
339 1502 383 1561 ibi
406 1521 524 1579 quoque
556 1505 723 1578 posuimus,
754 1502 805 1561 ubi
838 1501 967 1561 codicem
999 1504 1094 1561 secuti
1125 1504 1245 1580 singula

227 1591 424 1668 polysyndeti
445 1591 537 1651 verba
565 1591 753 1652 distinximus
784 1591 918 1650 clausula
947 1610 1008 1650 non
1034 1591 1242 1650 intercedente.

320 1679 461 1756 Superest
493 1683 528 1739 ut
555 1680 590 1739 de
623 1681 756 1756 ipsarum
787 1681 988 1740 clausularum
1015 1680 1119 1739 formis
1147 1687 1297 1756 pauca§o

226 1788 421 1846 exponamus.
457 1769 654 1828 Inveniuntur
672 1770 782 1846 ubique
800 1769 913 1827 formae
930 1768 1001 1828 illae
1020 1787 1055 1826 ex
1073 1773 1119 1828 tot
1136 1769 1243 1828 tantis-

227 1879 287 1936 que
321 1858 459 1934 operibus
491 1861 522 1917 et
553 1857 851 1918 commentationibus
883 1859 944 1916 iam
976 1857 1113 1917 omnibus
1145 1862 1242 1918 notae.

225 1949 398 2024 Principem
436 1948 535 2006 locum
568 1950 652 2006 tenet
680 1947 814 2006 clausula
842 1965 890 2021 ea,
928 1966 1004 2023 quae
1036 1948 1145 2007 cretico
1177 1966 1244 2007 cum

224 2037 370 2098 trochaeo
388 2036 562 2112 condpitur.
589 2036 710 2112 Excipit
727 2036 805 2095 hanc
824 2035 982 2095 crebritate
1000 2036 1134 2096 clausula
1152 2036 1244 2096 dicre·

225 2130 301 2200 tica,
318 2126 402 2186 cuius
415 2128 480 2185 vioe
497 2126 643 2186 molossus
658 2144 725 2185 cum
745 2126 854 2184 cretico
873 2143 932 2185 non
949 2127 995 2184 ita
1012 2145 1081 2185 raro
1095 2126 1244 2203 fungitur3

225 2235 283 2275 nec
312 2214 514 2274 choriambum
545 2234 613 2274 cum
640 2215 749 2274 cretico
781 2216 870 2291 plane
900 2215 1061 2274 Firmicum
1093 2215 1244 2275 fastidisse

226 2306 376 2381 quattuor
398 2303 522 2363 docetur
544 2305 631 2364 certis
649 2304 805 2380 exemplis:
824 2304 886 2362 V4
906 2304 988 2376 Eryo
1006 2306 1032 2362 si
1051 2307 1153 2363 anicia
1171 2306 1244 2364 dici·

224 2396 311 2453 ditur
333 2410 439 2467 corpas
461 2397 509 2452 esi.
542 2392 586 2451 VI
604 2394 624 2450 4
644 2395 820 2452 cumoculos
838 2397 928 2452 accat.
959 2392 1034 2451 XIII
1053 2395 1245 2468 lpostcritas

225 2485 359 2551 ducaei,
390 2481 477 2540 XVII
496 2483 515 2540 3
535 2485 644 2540 iarum
660 2483 758 2556 ipsum
778 2482 910 2542 (lucram
927 2485 1088 2542 nominaui.
1125 2483 1243 2543 luden-

225 2572 286 2631 dus
309 2572 435 2631 fortasse
458 2571 540 2631 locus
562 2570 607 2629 IV
628 2576 644 2630 1
670 2572 716 2630 eci
736 2573 855 2631 Veneris
881 2573 1011 2646 cirpinis.
1034 2603 1079 2613 —
1103 2571 1245 2648 Sequitur

225 2660 367 2720 clausula
389 2659 572 2720 ditrocbaica
593 2660 788 2736 praecedente
817 2663 926 2720 cretico
947 2661 996 2720 vel
1020 2653 1109 2742 (satis
1127 2655 1243 2742 crebro)

225 2750 359 2810 molosso
382 2750 430 2809 vel
457 2748 627 2809 choriambo
650 2741 707 2831 (36
731 2741 820 2830 locis)
844 2751 891 2809 vel
918 2750 1038 2826 dactylo
1066 2741 1123 2831 (46
1147 2743 1243 2832 locis).

225 2841 314 2899 Mera
328 2837 511 2898 ditrocbaica
525 2832 588 2920 (vel
602 2831 811 2918 dispondiaca)
827 2839 960 2898 clausule
973 2839 1084 2916 legitur
1097 2839 1144 2899 his
1157 2840 1243 2898 locis:

225 2929 302 2988 113
328 2926 452 2987 Osiridis
475 2929 629 3002 cepuitcm.
672 2928 716 2986 VI
736 2930 754 2987 9
779 2929 815 2987 de
832 2929 945 2986 coesdii
967 2930 1108 2987 secludis
1131 2929 1244 2988 dccrdu

228 3023 279 3078 eat
334 3015 434 3076 XVd
468 3020 560 3076 eade
591 3018 717 3091 fiamque
748 3021 847 3076 cester
902 3017 1000 3077 XXd
1033 3035 1093 3090 qua
1125 3020 1245 3092 eripitur

227 3108 407 3173 sapientiori
438 3125 498 3180 qua
523 3109 616 3180 cupii
640 3111 748 3166 auster
799 3105 907 3165 XX12
940 3124 1000 3165 coc
1032 3107 1185 3184 biformis
1196 3111 1244 3175 esi,

226 3197 281 3256 sed
299 3196 493 3269 multiformis.
531 3195 567 3255 In
585 3194 780 3255 Zielinskii
802 3196 930 3255 formam
950 3197 968 3254 5
992 3187 1113 3277 (=-0.
1140 3227 1211 3256 υ..υ
1212 3228 1244 3270 υ,

227 3305 258 3344 v.
288 3279 361 3344 Das
390 3283 648 3362 Olauselgesetz
637 3305 671 3342 m
703 3283 821 3344 Oiceros
853 3279 976 3358 Reden',
1008 3285 1116 3345 Philol.
1140 3285 1243 3361 Suppl

228 3373 326 3450 IXp.
347 3366 426 3450 601)
459 3374 605 3450 quadrare
634 3373 775 3433 videntur
805 3374 862 3433 hae
894 3373 1172 3433 clausulae.I]I1
1203 3375 1246 3432 Ei

228 3464 307 3522 hacc
324 3463 425 3521 sotici
441 3466 572 3522 omniura
590 3480 650 3523 esse
667 3467 797 3521 metron.
836 3463 880 3522 IV
895 3463 914 3522 3
933 3464 1088 3536 impudicis
1106 3464 1244 3523 adhaeret

228 3552 375 3610 mandria
438 3552 538 3610 ΧΗ
578 3554 612 3611 in
651 3553 796 3625 apothecis
827 3553 978 3612 dominicis
1010 3555 1112 3627 reponi
1142 3554 1243 3628 possit.

230 3639 288 3700 XV
316 3641 336 3700 5
368 3632 473 3700 Pieris
504 3643 581 3701 caim
612 3642 767 3700 Misereor
798 3642 891 3715 fuisse
922 3645 1038 3700 consid.
1095 3640 1197 3701 XXIII
1225 3645 1240 3700 1

230 3731 310 3790 alius
341 3731 455 3803 feticius
485 3734 634 3789 noscatur.
666 3762 707 3772 —
740 3731 866 3790 Formae
897 3730 1023 3806 denique
1056 3730 1243 3790 dochmiacae
