3100 4359
328 389 371 453 66
592 376 597 380 ’
675 387 814 443 Flamcl
832 388 1000 442 masuam
1115 426 1123 433 -

327 558 425 617 Adam
448 560 705 633 praevaricatione
732 559 855 633 proprie
882 558 1059 633 promissam
1081 558 1214 633 perdidit
1239 560 1347 617 vitam.

217 666 258 713 soz.
269 659 314 702 ees
327 647 385 706 Per
402 646 550 724 virginem
568 638 574 729 Ι
594 647 722 705 Mariam
741 665 774 705 ac
793 647 933 722 spiritum
952 648 1088 705 sanctum
1103 646 1240 707 Christus
1255 649 1348 707 natus

328 739 359 795 et
385 736 633 796 inm0rtalitatem
661 736 775 811 accepit
803 740 834 793 et
854 755 988 813 regnum.
1034 735 1132 794 Arbor
1154 736 1231 813 ligni
1254 739 1349 812 posti-

257 828 260 834 '
327 827 426 884 ferum
443 826 576 901 deceptis
594 824 737 901 pabulum
755 825 908 899 praebuit:
931 824 1047 902 lignum
1065 826 1161 883 crucis
1180 826 1278 884 vitam
1299 828 1348 883 in·

328 915 450 974 mortali
484 932 617 991 conpage
648 915 791 973 restituit.
841 912 1027 991 Contempsit
1053 914 1168 973 Adam·
1192 914 1350 973 oboedivit
1376 935 1386 973 ι

328 1005 384 1063 deo
409 1003 551 1063 Christus.
585 1003 634 1062 Sic
656 1002 759 1062 divina
782 1002 975 1077 dispositione
999 1004 1135 1079 quicquit
1157 1003 1257 1062 Adam
1281 1024 1349 1079 per·

293 1104 309 1150 3
329 1094 407 1152 didit
420 1092 555 1152 Ohristns
568 1093 691 1151 invenit.
724 1092 753 1150 N
754 1112 802 1151 am
816 1094 885 1168 post
903 1092 1001 1151 multa
1018 1095 1156 1169 tempora
1173 1093 1351 1152 novissimis

327 1186 496 1258 temporum
519 1184 635 1258 spatiis,
657 1182 689 1240 id
712 1184 760 1240 est
782 1181 945 1242 novissime
968 1200 1062 1258 paene
1084 1183 1273 1241 sacculorum
1297 1183 1351 1241 eb·

328 1271 467 1345 domade,
496 1271 619 1330 verbum
650 1271 696 1329 dei
726 1271 859 1330 humano
886 1289 918 1331 se
940 1271 1061 1329 miscuit
1084 1273 1210 1347 corpori,
1231 1274 1269 1329 ut
1292 1272 1351 1331 ho-

327 1363 438 1419 minem
461 1358 612 1434 liberaret‚
634 1358 671 1417 ut
694 1363 821 1418 mortem
843 1360 988 1433 vinceret,
1011 1358 1046 1418 ut
1068 1360 1268 1439 fragilitatem
1291 1362 1352 1419 hu·
1366 1382 1389 1421 ro

328 1450 410 1508 mani
434 1445 565 1526 corporis
583 1468 652 1508 cum
669 1448 773 1507 divina
795 1450 1013 1507 inmortalitate
1032 1450 1229 1528 coniungeret.
1266 1450 1353 1521 Quid

328 1542 409 1597 enim
439 1540 555 1597 feceret
581 1541 669 1597 tante
704 1538 794 1597 turbe
830 1536 1022 1598 sanctorum?
1068 1537 1152 1607 Quae
1183 1540 1244 1598 illis
1281 1558 1354 1615 spes

329 1626 458 1688 salutis?
489 1627 576 1696 Quod
593 1628 769 1686 meritorum
786 1627 962 1702 praemium,
985 1628 1011 1685 si
1030 1628 1084 1687 sub
1102 1648 1165 1687 una
1182 1628 1353 1705 eademque

329 1717 501 1777 condicione
525 1719 614 1776 sortis
636 1716 880 1776 ineluctabilibus
901 1716 1095 1777 mortalitatis
1118 1718 1233 1794 laqueis
1254 1721 1354 1778 etiem

295 1809 298 1814 ’
328 1809 395 1883 ipsa
422 1806 557 1884 obligata
583 1804 758 1865 teneretur?
802 1805 888 1863 Nihil
915 1805 1026 1864 Hebel·
1050 1806 1126 1864 nihil
1149 1808 1243 1867 Enos'
1272 1809 1354 1867 nihil
1369 1826 1389 1865 c

328 1896 408 1956 Noe·
427 1892 504 1954 nihil
519 1894 603 1953 Sem·
621 1896 698 1953 nihil
711 1894 879 1953 Abraham·
898 1894 975 1953 nihil
987 1894 1088 1953 Isaac·
1106 1896 1183 1955 nihil
1200 1895 1294 1955 Iacob
1315 1898 1354 1955 de

257 1991 260 2006 ’·
329 1984 378 2044 dei
396 1985 454 2044 sibi
471 1984 674 2043 misericordia
692 2003 728 2043 ec
745 1984 902 2044 maiestate
916 1986 1138 2060 promitterent:
1156 1987 1235 2043 irent
1254 1987 1355 2046 etiam

328 2074 388 2150 ipsi
401 2077 471 2150 post
484 2077 603 2133 tantum
615 2072 687 2133 fidei
704 2075 847 2132 meritum
865 2091 932 2131 cum
952 2068 1056 2132 ceteris
1076 2073 1214 2134 omnibus
1231 2078 1357 2150 pariter

329 2163 453 2237 addicti,
476 2166 506 2222 et
529 2182 631 2223 omnes
654 2163 703 2221 dei
726 2165 845 2223 sanctos
868 2182 961 2221 unum
985 2162 1089 2222 mortis
1113 2166 1264 2239 exciperet
1289 2170 1356 2225 exi·

329 2254 419 2328 tium,
449 2271 513 2311 necv
529 2252 653 2311 haberet
680 2255 754 2327 aput
781 2251 867 2310 deum
896 2253 1062 2328 praemium
1090 2254 1200 2328 pietas,
1230 2255 1258 2310 si
1288 2274 1356 2315 una
1370 2274 1392 2312 so

293 2343 492 2417 4eedemqnc
529 2360 630 2401 omnes
667 2340 801 2400 condicio
838 2342 943 2400 mortis
979 2342 1121 2400 hauriret.
1177 2340 1234 2401 Sed
1274 2343 1355 2404 deus

330 2431 469 2490 Abrahae
488 2431 598 2489 clarius
617 2449 635 2487 e
653 2431 730 2489 caeli
748 2429 896 2490 sideribus
914 2431 1095 2506 promiserat
1112 2450 1245 2509 regnum.
1278 2432 1356 2494 Ideo

329 2541 366 2579 ex
393 2540 499 2598 genere
523 2519 662 2578 Abrahae
690 2520 868 2579 descendens
895 2520 992 2579 Maria
1019 2520 1105 2597 virgo
1133 2519 1181 2578 dei
1207 2524 1356 2600 concipit,

330 2615 365 2669 nt
388 2609 649 2683 supradictorum
677 2609 830 2667 hominum
858 2608 973 2668 soboles
1000 2609 1170 2667 inmortalis
1193 2611 1356 2675 societatis

330 2698 449 2758 vinculo
478 2698 664 2776 iungeretur,
691 2700 728 2755 ut
750 2698 793 2756 sio
815 2699 980 2756 humanum
1003 2715 1096 2773 genus
1119 2716 1174 2771 per
1195 2699 1356 2761 hominem
1370 2720 1393 2758 es

329 2789 444 2864 pariter
458 2791 488 2846 et
502 2788 591 2847 deum
605 2791 736 2862 aequata
750 2787 903 2845 societatis
918 2786 1130 2862 conparatione
1141 2787 1355 2849 coniunctum·

420 2957 438 3012 2
461 2960 499 3011 In
522 2958 652 3029 inferiore
669 2963 752 3027 perte
774 2957 911 3028 maryicis
938 2957 1049 3011 dectrec
1071 2957 1136 3024 folii
1152 2956 1208 3011 25⁰
1227 2960 1298 3015 hacc
1318 2965 1355 3017 te-

328 3038 436 3101 penter
457 3031 538 3084 uerbo
561 3030 659 3083 litteris
685 3030 847 3083 maiusculis
869 3030 973 3098 scepta
999 3028 1140 3084 dcwdccim
1167 3032 1294 3087 ιιενειὺιιε
1322 3036 1356 3088 in

330 3104 412 3155 cumei
433 3102 552 3167 formem
574 3101 810 3170 concerpeutibue:
832 3098 869 3152 Et
891 3098 938 3154 hic
963 3116 1019 3153 non
1043 3100 1109 3154 ante
1132 3100 1284 3157 definitum
1309 3122 1354 3159 ar-

330 3173 427 3225 borem
450 3171 529 3225 cuiue
552 3187 636 3239 poma
659 3171 774 3224 edentes
797 3171 882 3239 primi
904 3172 1032 3224 homines
1056 3176 1242 3240 peccaverunt
1268 3192 1355 3231 vene-

330 3245 429 3297 natam
447 3241 534 3296 fuisse
554 3245 638 3310 etque
656 3242 829 3312 pestiferam.

422 3366 562 3435 trecepit
576 3384 644 3422 corr.
654 3385 677 3437 p
691 3384 725 3421 ex
739 3367 858 3437 accepit.
914 3366 973 3422 Sd.
984 3386 1014 3437 p.
1030 3367 1130 3436 spatiis
1146 3369 1211 3423 add.
1261 3372 1355 3442 leyen-

331 3438 398 3492 dum
417 3445 448 3491 ut
466 3438 573 3493 uidetur
591 3438 746 3493 saeclorum
766 3441 937 3507 (mmmm).
1029 3441 1046 3492 e
1066 3438 1222 3513 ebdomade
1242 3444 1276 3495 P.

331 3509 426 3563 Uerbri
450 3524 518 3563 corr.
534 3512 561 3565 P
580 3528 613 3563 ex
635 3509 732 3566 uerbi.
824 3509 861 3564 lu
885 3510 963 3565 exiti
985 3511 1127 3580 exciperet
1146 3514 1179 3576 P,
1205 3513 1240 3578 cs.
1255 3518 1354 3582 praes.

329 3599 359 3650 p.
376 3581 524 3635 XXXIX.
592 3581 631 3634 20
649 3581 676 3635 d.
686 3598 716 3651 p.
732 3582 824 3649 pictas
844 3581 909 3637 odd.
973 3581 1012 3636 28
1031 3582 1155 3651 concipit
1171 3586 1204 3649 P,
1219 3587 1356 3655 concepit

333 3654 382 3706 Bu
396 3654 455 3719 Ha,
474 3659 504 3706 ut
522 3652 556 3718 cf.
571 3652 616 3707 St.
671 3651 710 3705 26
729 3654 756 3705 d.
766 3670 796 3721 p.
813 3653 992 3708 coniunctum
1007 3654 1070 3709 add.

424 3775 461 3830 22
480 3778 514 3845 cf.
530 3781 621 3844 61,2O
640 3794 701 3831 oum
719 3780 800 3831 uotis.
