3100 4359
331 383 419 438 mv
735 381 942 436 PRAEFATIO

332 554 409 612 tioni
424 551 771 611 ›codicis-Alexandrini
799 549 922 624 αὐτούς,
954 555 1054 610 tamen
1083 571 1118 608 ex
1142 571 1176 610 eo
1201 551 1281 626 quod
1304 569 1345 609 se-

326 642 437 716 quitur
458 642 645 716 remeabimus
668 640 830 714 lirmicum
852 635 1042 717 dude-quod
1065 639 1156 698 etiam
1180 638 1345 716 Cyprianus

333 733 365 788 et
387 729 551 788 Primasius
573 730 685 788 habent
707 729 816 806 legisse
838 729 1031 788 manifestum
1054 721 1119 788 est'
1165 729 1344 788 Bursianum

326 827 451 878 :secutus
479 822 523 877 est
551 818 690 878 Halmius
718 821 856 894 quamvis
886 819 995 876 litteris
1022 818 1178 876 inclinatis·
1201 820 1346 877 incertam

331 908 491 966 lectionem
523 899 739 988 (repromissos
769 907 914 966 indicans.
939 949 941 954 -
970 905 1027 964 Sed
1059 909 1162 983 aperte
1191 908 1224 965 in
1248 907 1345 966 codice

333 1000 435 1056 exstat*
453 998 617 1070 reprobunt
644 997 754 1056 littoris
781 1001 814 1054 ot
835 996 1010 1055 maiusculis
1038 997 1069 1054 in
1092 995 1255 1073 ligaturam
1281 1015 1344 1055 con·

332 1087 417 1160 fusis,
436 1085 515 1161 quod
534 1084 794 1145 Skutschiusiam
817 1084 931 1160 pridem
956 1085 1122 1160 suspicatus
1146 1087 1220 1146 erat.
1257 1086 1345 1145 Recte

332 1175 427 1252 igitur
459 1175 550 1233 etiam
583 1192 630 1233 eos
661 1192 693 1232 se
723 1173 822 1233 habet
845 1205 891 1214 —
912 1173 948 1242 In
980 1173 1038 1232 fine
1070 1174 1137 1233 folii
1162 1166 1330 1256 (xxvfls

327 1264 498 1323 ,Bursianus
520 1263 639 1340 legebat
662 1254 830 1342 (Neminem
853 1266 926 1338 aput
947 1263 1027 1322 idolo
1044 1265 1189 1337 promens
1210 1266 1334 1337 scepeia

258 1409 264 1419 ,
333 1355 439 1420 mouit,
469 1352 547 1427 quod
575 1372 634 1428 quo
662 1353 750 1412 modo
778 1351 914 1429 intellegi
940 1352 1035 1427 Possit
1061 1370 1120 1411 non
1143 1351 1345 1428 perspicimus.

335 1441 456 1500 Rectius
479 1442 599 1500 Flauius
622 1445 692 1517 post
716 1442 847 1516 quinque
869 1441 901 1499 in
924 1440 982 1498 fine
1005 1440 1102 1500 lineae
1124 1440 1228 1500 hastas
1250 1445 1346 1500 rectas

334 1522 419 1609 (nam
440 1533 486 1588 oit
507 1531 595 1590 initio
618 1531 715 1589 lineae
743 1531 927 1605 insequentis
955 1531 1098 1605 scriptum
1126 1521 1185 1610 est)
1213 1530 1346 1589 litteram

328 1637 352 1678 e
367 1623 534 1696 agnoverat
548 1623 578 1678 et
598 1623 768 1678 correxerat
790 1621 907 1678 iuuerit.
945 1619 986 1676 At
1005 1618 1135 1694 quinque
1154 1619 1224 1678 illae
1243 1619 1346 1679 hastae

329 1726 387 1766 -nec
409 1727 460 1766 mo
483 1712 552 1767 sunt
574 1726 628 1766 nee
650 1711 712 1779 iau,
734 1708 877 1768 sedicio:
908 1708 1061 1766 Neminem
1084 1711 1157 1781 aput
1178 1709 1260 1767 idolo
1277 1726 1345 1781 pro-

329 1797 420 1868 fusos
437 1800 559 1871 soopois
576 1798 694 1856 invenit.
730 1796 813 1856 Haeo
832 1795 923 1856 verba
942 1799 972 1855 et
994 1798 1027 1854 in
1050 1797 1216 1855 clausulam
1239 1801 1347 1856 exeunt

334 1887 480 1961 optimam
500 1888 530 1944 et
548 1905 667 1945 sensum
685 1886 830 1961 praebent
853 1887 1051 1962 aptissimum.
1093 1887 1172 1944 Nam
1195 1885 1269 1961 quid
1292 1885 1348 1946 sibi

328 1976 408 2033 ¹velit
426 1976 482 2034 hoo
501 1976 568 2035 loco
585 1975 707 2033 verbum
725 1977 858 2034 moenie
876 1977 1016 2052 positum,
1035 1974 1124 2033 facile
1143 1974 1346 2051 intellegimus

334 2064 444 2123 collato
467 2064 532 2123 loco
546 2064 630 2121 XXV
645 2066 678 2122 2:
710 2063 759 2122 Sic
777 2064 880 2123 divino
898 2065 1083 2136 dispositione
1106 2065 1235 2136 quicquit
1246 2064 1347 2124 Adoro
1404 2109 1405 2120 .

330 2155 460 2226 prdidit
484 2153 616 2213 Christos
638 2155 755 2235 invent.
803 2151 914 2211 Christi
942 2153 1035 2230 igitur
1062 2155 1184 2230 sanguis
1207 2155 1347 2229 profusus

332 2242 480 2317 perditam
507 2243 676 2302 hominibus
705 2243 832 2300 salutern
859 2242 907 2300 vel
939 2242 1020 2316 ipsos
1051 2241 1184 2317 perditos
1212 2242 1349 2302 homines

331 2333 456 2405 invenit,
479 2335 553 2408 aput
574 2332 657 2390 idola
678 2332 818 2408 profusus
841 2333 962 2407 sanguis
985 2332 1133 2389 neminem
1155 2333 1280 2391 invenit.

279 2435 321 2495 §7
384 2469 385 2472 η
421 2421 527 2480 Restat
545 2425 580 2479 ut
598 2421 634 2479 de
653 2423 755 2480 nostra
774 2419 881 2479 edendi
899 2422 1015 2500 ratione
1028 2438 1124 2495 pauca
1139 2419 1345 2497 adiungamus.

327 2510 510 2571 ,Notavimus
535 2510 589 2568 sub
611 2513 696 2568 textu
718 2527 819 2568 omnes
842 2510 924 2568 unici
948 2509 1056 2568 codicis
1080 2509 1222 2568 lectiones
1242 2528 1260 2567 a
1280 2528 1348 2568 con·

331 2599 415 2676 textu
429 2602 530 2657 nostro
540 2599 752 2674 discrepantes,
764 2600 913 2657 tacuimus
928 2597 1067 2656 editionis
1078 2597 1221 2673 principis
1237 2598 1349 2670 sordes,

324 2689 367 2744 ut
399 2706 488 2762 quam
521 2707 556 2746 ex
587 2688 726 2746 Palatino
759 2686 860 2746 codice
896 2687 1015 2746 fluxisse
1051 2687 1117 2745 luce
1156 2686 1266 2746 clarius
1300 2687 1347 2746 sit.

324 2774 418 2833 'Unde
442 2775 516 2834 nihil
534 2777 626 2835 refert
649 2777 686 2835 de
708 2776 764 2835 illa
782 2778 942 2835 memorari
964 2776 1023 2835 nisi
1046 2794 1123 2852 quae
1145 2776 1220 2834 locis
1244 2779 1348 2852 aperte

331 2867 373 2927 in,
387 2865 487 2924 codice
510 2867 659 2940 corruptis
678 2865 797 2923 Flauius
820 2867 989 2924 tentaverit.
1038 2863 1209 2925 Ceterorum
1233 2867 1346 2924 coniec-

331 2956 423 3026 turas,
444 2954 504 3012 nisi
527 2973 603 3029 quae
619 2956 736 3013 ‘rectius
759 2954 837 3014 lecto
865 2954 964 3012 codice
987 2953 1091 3012 irritae
1114 2955 1210 3012 factm
1239 2957 1348 3026 essent,

331 3041 490 3119 diligenter
513 3043 677 3103 attulimus.
723 3042 769 3100 De
793 3043 983 3120 distinetione
1011 3043 1121 3102 codicis
1144 3061 1236 3118 quam
1261 3061 1347 3102 accu-

329 3131 478 3205 ratissime
510 3130 542 3189 in
574 3134 723 3207 apparatu
755 3132 939 3206 rettulimus3
978 3131 1052 3190 scito
1082 3132 1186 3210 igitur,
1218 3131 1271 3190 ubi
1303 3133 1347 3190 nil

330 3219 547 3294 adnotavimus,
577 3220 620 3278 ibi
642 3219 772 3279 codicem
796 3238 850 3278 nos
873 3239 990 3296 semper
1012 3221 1044 3278 in
1068 3221 1278 3298 distinguendo
1302 3239 1346 3280 se-

331 3311 414 3382 cutos
438 3327 509 3369 esse.
551 3309 596 3368 De
614 3310 794 3385 testimoniis
813 3328 967 3386 sacrarum
984 3310 1147 3370 lectionum
1165 3309 1237 3369 sutis
1257 3309 1346 3368 habe·

330 3417 395 3457 mus
427 3398 569 3458 Bursiani
600 3399 691 3457 verba
722 3391 830 3479 (praef.
858 3419 886 3475 p.
914 3398 958 3456 IX
976 3392 1035 3480 sq.)
1067 3398 1257 3475 expressisse:
1282 3394 1301 3457 ³.
1316 3446 1344 3460 ..

330 3488 521 3547 manifestum
546 3491 590 3547 est
611 3488 775 3547 Firmicum
798 3506 884 3546 usum
908 3505 971 3548 esse
994 3489 1093 3546 vetere
1120 3487 1174 3546 illa
1201 3487 1346 3547 librorum

321 3595 481 3636 ‚sacrorum
498 3579 746 3652 interpretatione
764 3576 875 3640 Latina
894 3576 1021 3636 secundo
1040 3597 1068 3652 p.
1089 3575 1155 3636 (ihr.
1174 3596 1202 3636 n.
1227 3578 1345 3636 saeculo

324 3665 361 3723 in
384 3665 487 3724 Africa
514 3670 587 3725 nata
614 3666 650 3724 de
678 3685 738 3741 qua
766 3666 842 3726 dixit
865 3666 1073 3725 Lachmaunus
1102 3667 1135 3724 in
1157 3666 1345 3741 praefatione

330 3757 400 3813 novi
418 3755 601 3814 ·testamenti
631 3758 702 3814 torn.
727 3755 752 3830 Ι,
779 3776 806 3831 p.
832 3756 860 3813 X
875 3759 917 3829 sq.
941 3797 945 3811 .
970 3801 975 3812 .
999 3754 1221 3829 officiumque.
1245 3758 1345 3815 autem
