3100 4359
294 397 339 451 DE
357 395 504 451 ERRORE
523 393 721 452 Prienaee.
740 395 817 450 GAP.
832 395 1087 451 XXVlI-XXVIH
1166 396 1207 459 73

283 566 419 627 XXVIIL
452 564 604 625 Larentur
634 568 738 640 itaque
771 565 872 625 sordes
904 568 981 625 istae
1017 584 1091 640 quas
1124 565 1207 625 oolli-

199 656 253 734 gis:
284 675 392 731 quaere
423 657 522 715 fontes
554 656 708 733 ingenuos,
740 673 849 731 quaere
881 674 973 731 puros
1000 654 1140 730 liquores,
1173 658 1207 713 ut

199 746 256 804 illio
282 752 312 804 te
337 748 407 821 post
436 745 708 804 multas-maenus
736 762 804 803 oum
832 746 940 820 spiritu
963 747 1066 803 saneto
1096 742 1207 801 Christi

198 838 312 913 sanguis
343 834 522 894 incandidet.
564 833 605 893 Ut
635 837 736 893 numm
767 834 891 893 miseros
923 834 1058 893 homines
1091 832 1128 891 ad
1161 850 1207 891 sa-

177 943 261 983 rnam
282 929 414 983 mentem
436 927 555 983 revooet
577 922 667 997 plena
688 924 857 997 persuasio,
885 924 997 982 maiore
1026 923 1207 982 auctoritate

192 1028 264 1089 opus
290 1016 344 1089 est,
375 1016 412 1071 ut
442 1012 554 1071 auratis
587 1032 621 1071 ao
653 1011 767 1071 sanatis
799 1012 948 1071 mentibus
974 1011 1092 1070 nullum
1120 1029 1207 1087 prae-

197 1104 322 1162 cedentis
348 1102 541 1180 pestilentiae
568 1101 729 1179 vestigium
755 1102 952 1176 relinquatur.
999 1100 1078 1169 Quid
1105 1102 1243 1175 itaquae

196 1192 252 1251 sint
279 1192 362 1252 idola
391 1193 441 1251 vel
470 1210 560 1266 quam
590 1191 721 1249 habeant
751 1190 965 1264 substantiam,
994 1191 1208 1266 prophetarum

198 1300 242 1340 ore
264 1300 300 1341 ao
323 1281 372 1340 dei
394 1281 498 1339 divina
520 1298 592 1340 vooe
614 1282 815 1339 monstratum
840 1282 897 1338 est:
921 1296 998 1354 quae
1021 1279 1122 1338 omnia
1143 1296 1208 1355 spe·

166 1388 188 1427 re
197 1371 310 1432 sialiter
336 1371 462 1430 dioenda
489 1375 574 1444 sunt,
601 1372 638 1427 ut
659 1368 715 1428 hoo
739 1388 800 1426 non
822 1373 925 1428 nostra
947 1370 1117 1427 temeritate
1142 1386 1208 1443 pro-

197 1460 299 1535 latum,
333 1460 385 1519 sed
412 1459 514 1518 divino
541 1458 714 1535 magisterio
741 1456 827 1517 nobis
856 1458 1002 1516 traditum
1030 1460 1060 1516 et
1087 1456 1208 1515 eaelesti

195 1550 329 1609 rideatur
350 1568 424 1608 vooe
446 1549 605 1626 signatum.
643 1546 725 1616 Quae
755 1548 796 1606 sit
826 1547 995 1607 substantia
1025 1565 1127 1605 eorum
1155 1545 1209 1605 Sa·

196 1639 324 1713 pientiae
353 1637 523 1697 veneranda
551 1655 624 1696 voce
654 1639 853 1711 monstratur,
884 1637 928 1695 ait
958 1638 1037 1695 enim
1064 1638 1096 1694 in
1123 1635 1208 1694 libris

196 1727 373 1788 Salomonis:
404 1721 546 1785 ‘Omnia
577 1726 678 1785 idola
709 1727 897 1784 nationum
925 1726 1209 1784 aestimaverant

161 1817 286 1893 redeos,
319 1817 449 1892 quibus
476 1834 590 1891 neque
617 1816 802 1873 oeulorum
829 1832 913 1873 usus
942 1817 996 1873 est
1020 1814 1062 1872 ad
1085 1813 1208 1873 viden·

196 1906 286 1982 dum,
308 1925 424 1982 neque
447 1924 551 1964 nares
575 1904 618 1962 ad
640 1903 914 1980 percipiendum
939 1899 1129 1979 spiritum,
1150 1922 1208 1961 ne·

194 2014 258 2071 que
277 2014 383 2055 aures
402 1995 445 2054 ad
464 1994 691 2068 audiendum,
713 2012 829 2067 neque
849 1993 959 2070 digiti
977 2012 1142 2051 manuum
1167 1992 1209 2051 ad

193 2085 436 2159 tractandum,
464 2084 524 2143 sed
551 2086 585 2142 et
612 2083 719 2158 pedes
747 2101 866 2141 eorum
894 2082 991 2160 pigri
1019 2082 1062 2140 ad
1090 2081 1209 2140 ambu-

194 2174 348 2233 landum.
394 2173 505 2232 Homo
534 2173 627 2231 enim
654 2174 747 2230 feeit
774 2171 860 2229 illos
888 2174 922 2229 et
950 2174 1010 2247 qui
1038 2172 1208 2247 spiritum

161 2280 182 2319 so
195 2266 381 2322 mutuatus
400 2266 454 2321 est
472 2264 605 2321 fincxit
625 2261 720 2320 illos.
752 2261 862 2320 Nemo
882 2263 999 2319 autern
1018 2260 1089 2319 sibi
1107 2260 1209 2318 homo

195 2354 332 2427 poterit
354 2352 534 2411 dominum
553 2353 703 2427 fingere.
746 2348 829 2409 Gum
853 2351 902 2409 sit
926 2351 1019 2408 enim
1041 2349 1207 2408 mortalis

194 2446 371 2502 mortuum
389 2443 503 2518 fingit
520 2440 685 2499 manibus
698 2440 845 2514 iniquis.
878 2439 1009 2498 Melior
1022 2443 1076 2498 est
1090 2441 1208 2498 autem

194 2532 247 2590 his
266 2549 356 2608 quos
374 2531 477 2604 colit,
496 2531 665 2605 quoniam
679 2529 821 2604 quidem
835 2530 912 2603 ipse
927 2527 1020 2587 vixit
1039 2528 1097 2586 illi
1110 2547 1208 2585 num-

195 2614 320 2695 quam'
363 2618 441 2688 Quid
464 2620 595 2695 amplius
618 2616 810 2693 quaerimus?
852 2618 1008 2697 Sapientia
1031 2636 1084 2677 nos
1107 2617 1209 2675 diune

160 2726 262 2769 revoca
287 2711 440 2785 convenit,
467 2711 498 2768 et
520 2709 656 2785 quicquit
682 2709 715 2766 in
743 2709 860 2766 areanis
888 2707 936 2766 dei
957 2706 1075 2766 viderat
1098 2706 1209 2780 docuit,

282 2896 591 2965 mmmmm

284 3058 301 3111 1
326 3057 469 3112 Labantur
487 3060 520 3112 P.
629 3058 674 3112 dd.
690 3076 720 3127 p.
740 3056 757 3111 2
781 3056 904 3125 liquores
928 3063 952 3111 et
966 3056 993 3109 t
1017 3054 1162 3124 persuasio
1185 3062 1211 3110 et

197 3129 213 3181 8
231 3130 422 3183 substantiam
439 3136 465 3183 et
484 3129 520 3183 ll
541 3128 682 3199 prolatum
700 3130 765 3184 add.
849 3126 885 3181 12
904 3128 1036 3181 uideatur
1055 3130 1088 3193 P,
1105 3144 1130 3181 o.
1146 3126 1213 3181 ΕΜ

197 3206 264 3257 296.-
286 3205 459 3271 agnosoatur
474 3218 518 3269 pr.
600 3217 674 3264 eoru
694 3203 727 3268 P,
746 3201 797 3254 Ha
816 3217 877 3255 eom
898 3200 931 3254 G.
948 3199 1130 3254 Lussomana:
1149 3198 1209 3251 eius

192 3274 235 3341 μζ
291 3271 453 3342 Sapientiae
471 3289 531 3339 noe,
549 3272 707 3341 sapientiae
722 3289 767 3340 pr,
829 3270 865 3324 14
885 3270 1090 3325 extimauerant
1109 3272 1142 3335 P,
1160 3286 1210 3324 em.

197 3345 250 3399 Fr.-
269 3361 310 3398 an
327 3346 422 3399 melius
444 3346 582 3399 sortiatur
600 3340 849 3397 existimaverant?
875 3342 908 3409 ef.
926 3346 1024 3409 75,29.
1044 3340 1210 3395 aestimave-

196 3419 260 3471 runt
279 3418 328 3471 Bu
343 3416 400 3471 Ha.
473 3413 511 3469 24
529 3416 557 3469 ot,
568 3433 598 3484 p.
613 3415 773 3483 quaerimus
793 3414 858 3468 add.

287 3575 528 3643 11Math.3,15
555 3574 702 3646 (quioquid
726 3616 755 3629 ..
781 3574 868 3628 divini
896 3574 961 3643 viri)
990 3573 1101 3627 divinae
1129 3572 1210 3625 nobis

198 3647 341 3702 doetrinae
355 3647 518 3716 magisterio
531 3647 718 3701 tradiderunt.
738 3651 782 3712 91,
793 3646 964 3717 6(Petosiris
974 3645 1045 3727 <et>
1053 3643 1209 3713 Nechepso)

197 3718 295 3773 mnndi
312 3719 471 3788 genituram
490 3718 586 3772 divino
599 3717 681 3771 nobis
696 3718 832 3771 scientiae
846 3718 1009 3787 magisteno
1024 3714 1208 3769 tradiderunt.

199 3789 1210 3856 cwmummmmamammmmmumst
