3100 4359
409 407 458 462 DE
475 402 624 462 ERRORE
641 402 744 463 Paos.
758 406 838 462 lust.
859 407 934 462 oAP.
950 407 1013 461 XIX
1173 408 1217 472 49

209 572 302 636 eius?
339 576 507 636 Socratiora
528 576 700 652 pandantur
722 593 845 636 meana:
867 578 900 635 in
922 578 1097 654 apocalypsi
1118 576 1150 635 id
1173 581 1218 637 est
1236 591 1252 639 o

207 666 237 724 in
253 666 444 740 revelatione,
466 666 518 741 qui
535 668 577 726 sit
594 684 720 741 sponsus
737 667 915 725 invenimus.
936 661 940 745 l
962 666 1009 725 Ita
1028 667 1106 724 enim
1125 668 1217 743 scrip·
1228 681 1268 729 sol·
1282 674 1324 719 1⁹³

208 760 270 815 tum
295 758 354 815 est:
377 750 475 814 ‘Veni
503 754 688 815 ostendam
716 754 786 813 tibi
813 774 939 815 novam
962 758 1112 832 nuptam
1133 774 1217 814 uxo·

207 864 274 903 rem
311 846 404 922 agni.
450 845 495 904 Et
530 843 634 902 duxit
668 864 720 902 me
756 845 793 902 in
830 845 965 919 spirItu
997 846 1033 903 in
1064 846 1217 903 montem

183 953 368 1012 smagnum
408 936 443 993 et
483 934 644 993 ostendit
688 934 779 991 mihi
823 935 1013 993 civitatem
1056 937 1218 993 sanctam

205 1024 431 1082 Hierusalem
465 1021 739 1081 descendentem
771 1023 811 1081 de
844 1018 963 1083 caelo'
1014 1023 1217 1082 Intimandum

206 1116 248 1172 est
280 1112 355 1188 quid
386 1113 479 1171 etiam
511 1110 596 1170 nobis
624 1110 661 1169 de
690 1112 747 1171 bac
774 1112 841 1188 ipsa
868 1110 1023 1171 retrudat
1047 1112 1218 1190 evangelica

205 1201 372 1278 disciplina
417 1200 589 1259 Invenimus
616 1202 695 1259 enim
718 1202 750 1259 in
772 1201 929 1277 evangelio
959 1202 1027 1259 cata
1056 1201 1219 1261 Iohannem

203 1293 246 1350 ita
270 1309 333 1350 esse
360 1292 527 1367 signatnmt
555 1284 632 1349 ‘Vos
663 1289 752 1348 mihi
783 1292 896 1349 testes
929 1289 1017 1349 estis
1050 1292 1218 1366 quoniam

170 1380 279 1439 adiri
313 1381 364 1438 eis
396 1380 458 1456 qui
493 1380 595 1439 missi
631 1382 715 1437 sunt
746 1379 788 1437 ab
825 1378 1060 1455 Ierusolymis
1093 1379 1136 1438 ad
1167 1399 1218 1438 me

204 1471 380 1545 quianon
408 1486 482 1526 sum
506 1466 686 1540 Christus,
714 1468 774 1526 sed
799 1470 967 1544 qnoniam
990 1470 1120 1527 missus
1144 1487 1218 1527 sum

204 1563 288 1617 ante
310 1559 440 1633 ipsum:
463 1558 525 1633 qui
547 1556 656 1615 habet
677 1557 770 1615 enim
792 1574 959 1634 sponsam
976 1574 1127 1633 sponsus
1152 1560 1219 1631 est,

203 1650 340 1706 amicus
372 1651 489 1705 autem
522 1647 645 1721 spousi
674 1649 729 1705 est
761 1648 822 1721 qui
854 1648 929 1705 stat
955 1650 990 1705 et
1017 1646 1120 1705 audit
1142 1666 1220 1705 eum

203 1741 237 1795 et
269 1735 403 1815 gaudio
438 1734 574 1812 gaudet
601 1737 750 1811 propter
777 1753 897 1794 vocem
930 1730 1073 1812 sponsi'
1120 1734 1253 1794 Huiuso

167 1846 190 1885 rs
203 1828 247 1885 rei
273 1825 452 1901 mysterium
479 1827 630 1883 ostensum
659 1826 712 1897 est,
739 1823 828 1884 huius
856 1825 957 1899 sponsi
985 1824 1144 1883 adventum
1174 1841 1219 1883 sa-

201 1915 352 1992 pientium
373 1915 526 1990 virginum
552 1913 659 1973 chorus
687 1916 833 1988 expectat,
860 1913 931 1972 huic
953 1914 1085 1989 praefert
1106 1913 1221 1973 lumina

201 2004 347 2081 pervigili
376 2020 450 2061 cura
478 2005 584 2061 sanctu
614 2003 788 2078 virginitas:
820 2002 1045 2077 expectantibus
1078 2020 1221 2078 sponsum

201 2095 297 2153 servis
319 2092 452 2151 felicium
473 2093 674 2167 praemiorum
692 2092 880 2166 promittitur
898 2110 1013 2150 munus.
1049 2090 1220 2151 Invenimus

203 2182 287 2242 enim
318 2183 351 2240 in
382 2181 538 2258 evangelio
570 2183 639 2239 cata
670 2179 796 2239 Lucam:
830 2176 922 2239 ‘Sint
958 2179 1070 2239 lumbi
1106 2180 1220 2239 vestri

166 2272 412 2349 sopraecincti
446 2273 482 2328 et
518 2270 686 2328 lucernae
718 2270 886 2328 ardentes
919 2271 953 2328 et
984 2288 1046 2329 vos
1083 2269 1220 2327 similes

202 2359 411 2421 hominibus
438 2358 716 2434 expectantibus
744 2359 924 2418 dominum
953 2376 1051 2417 suum
1081 2358 1221 2434 quando

202 2452 330 2511 veniat
358 2467 376 2507 a
406 2448 562 2523 nuptiis,
593 2450 633 2506 ut
669 2466 749 2507 cum·
777 2448 919 2507 venerit
951 2450 985 2506 et
1016 2448 1222 2523 pulsaverit

204 2539 376 2615 aperiant
404 2536 472 2595 illi.
518 2536 658 2596 Felices
689 2538 786 2617 servi
815 2537 875 2595 illi
907 2555 995 2613 quos
1026 2536 1221 2596 adveniens

202 2627 369 2688 dominus
401 2626 585 2685 invenerit
614 2620 836 2704 vigilantes?
883 2625 963 2684 Ecce
986 2625 1222 2685 venerandorum

165 2735 415 2794 uresponsorum
443 2716 571 2774 oraculis
600 2733 725 2791 sponsus
749 2717 884 2774 ostensus
908 2717 960 2773 est.
1007 2713 1086 2783 Quid
1108 2715 1165 2773 tibi
1187 2718 1222 2773 tu
1242 2724 1256 2771 7

203 2809 238 2868 in
261 2806 376 2865 acerbis
399 2804 516 2863 casibus
540 2804 868 2863 constibrtnsbeatum
891 2822 998 2862 nomen
1017 2802 1158 2879 inponis?
1189 2803 1221 2861 Si

201 2899 250 2957 vis
278 2895 423 2953 liberatus
450 2894 552 2951 lumen
579 2895 664 2968 sequi
692 2894 802 2969 sponsi,
830 2891 931 2969 proice
959 2910 1080 2967 errores
1104 2896 1134 2951 et
1156 2912 1222 2968 per·

190 2994 202 3025 1

297 3080 316 3137 8
334 3083 420 3151 Apes.
434 3084 556 3150 21,9sp.
623 3080 642 3135 9
660 3082 721 3137 Jot.
737 3084 856 3150 3,28sq.
926 3079 964 3135 19
983 3080 1052 3135 Luc
1068 3084 1111 3147 12,
1122 3084 1222 3149 35sqp.

298 3259 364 3314 lid
388 3262 431 3313 est
453 3258 482 3312 in
504 3256 676 3313 revelatione
698 3259 748 3312 del.
764 3258 824 3325 We,
843 3265 874 3312 at
895 3259 930 3325 cf.
946 3258 990 3313 Sl.
1101 3258 1115 3310 7
1137 3258 1222 3311 ctiam

204 3333 277 3401 qnid
297 3331 345 3387 sk.
428 3330 466 3385 15
487 3330 616 3385 misteriis
634 3331 667 3384 P.
740 3336 805 3397 post
824 3332 937 3383 ostensi
955 3346 1056 3385 rasura
1075 3331 1160 3384 sosius
1178 3330 1224 3384 lit-

159 3422 164 3437 ’
204 3412 281 3460 teras
299 3418 371 3473 quoe
386 3420 400 3456 s
417 3403 517 3469 fuerat.
584 3400 618 3455 17
639 3402 666 3455 d.
676 3420 707 3470 p.
721 3401 870 3471 virginitas
890 3402 954 3455 add.
1017 3399 1052 3454 21
1074 3402 1223 3469 expectan-

205 3478 250 3529 tes
269 3476 304 3541 P,
323 3490 371 3528 cm.
386 3473 432 3529 st.
513 3472 552 3527 ‘Id
571 3472 679 3527 acernis
699 3473 732 3527 P.
806 3472 832 3527 d.
843 3490 873 3541 p.
889 3472 1058 3526 constitutus
1078 3472 1142 3526 odd.

205 3546 243 3601 27
265 3547 312 3601 dd.
322 3562 352 3615 p.
368 3544 464 3615 spousi
482 3550 508 3599 ct
526 3560 632 3599 errores
651 3544 715 3598 add.
753 3542 845 3615 puigil
864 3546 898 3610 P,
916 3561 963 3598 cm.
979 3544 1025 3599 Fl.

299 3723 335 3777 17
355 3725 390 3791 cf.
405 3724 484 3790 basra
501 3742 526 3779 v.
541 3723 577 3779 27
598 3730 624 3777 et
643 3723 733 3777 Mati.
749 3720 909 3791 oxvrsssc:
926 3720 1058 3791 pervigili
1078 3736 1151 3775 cura.

208 3795 250 3849 26
269 3796 360 3851 Mart.
376 3799 448 3861 7,23
465 3795 496 3848 in
514 3793 623 3849 acerbis
641 3792 753 3849 casibus
771 3792 929 3847 constituti.
1010 3826 1013 3833 -

264 3902 380 3943 ll'lrmlons
393 3902 512 3943 muna·
526 3902 560 3943 ed.
576 3902 700 3951 Ziegler.
1049 3886 1065 3932 4
