3100 4359
331 388 376 451 40
673 386 811 441 1111111101
828 386 997 442 MATERNI
1380 226 1395 407 1

333 558 524 617 animositate
552 558 684 616 festinat.
730 558 813 615 Tunc
841 559 868 615 si
895 558 1007 618 malum
1035 560 1133 619 morbi
1155 560 1263 619 fortius
1287 577 1344 617 cre-

332 649 418 722 verit,
445 647 560 705 maiora
586 646 717 705 remedia
745 649 939 722 quaeruntur,
968 653 998 731 et
1020 669 1074 725 pro
1098 650 1195 708 salute
1218 648 1345 705 hominia

333 737 464 797 sollicita
486 737 593 795 fortius
616 754 648 794 ee
670 736 819 795 medicina
843 740 992 812 conponit.
1039 739 1148 813 Asperi
1171 737 1230 797 cibi
1253 738 1346 795 amari

332 830 421 902 potus
449 826 618 885 uolentibus
645 826 830 903 ingeruntur,
858 830 887 885 et
914 830 940 885 si
963 828 1150 887 convaluerit
1172 827 1293 899 malum,
1316 844 1343 884 et

332 918 413 992 ignis
436 914 596 973 adhibetur
618 918 648 973 et
671 917 791 974 ferrum.
825 915 874 976 Sic
896 917 985 976 bomo
1008 920 1128 992 recepta
1151 917 1293 974 sanitate·
1316 917 1375 972 ets

334 1006 430 1063 salute
455 1005 513 1063 sibi
535 1005 661 1078 reddita,
684 1006 820 1080 quicquit
843 1008 1026 1083 aegrotantis
1051 1008 1183 1082 corporis
1205 1005 1280 1063 vitio
1303 1007 1342 1062 in-

333 1094 413 1153 vitus
436 1112 541 1169 passus
565 1097 618 1166 est,
640 1094 696 1152 hoc
719 1096 818 1152 totum
841 1113 894 1171 pro
918 1096 1052 1154 utilitate
1077 1114 1131 1153 sua
1152 1095 1266 1153 factum
1286 1112 1343 1152 asse

333 1179 541 1261 <con>stantis
564 1184 658 1241 animi
680 1183 791 1243 iudicio
815 1183 979 1244 confitetur.

261 1302 318 1351 (101)
422 1290 516 1348 XVII.
549 1290 684 1366 Accipite
714 1291 806 1349 etiam
834 1293 1015 1351 sacrosancti
1043 1294 1195 1366 principes
1227 1290 1341 1349 nomina

334 1376 498 1458 <d>eorum
522 1400 582 1455 qua
604 1383 675 1438 suut
697 1382 814 1438 ratione
838 1383 1001 1457 conposita.
1047 1380 1161 1439 Lumen
1184 1380 1241 1438 hoe
1266 1378 1340 1455 quod
1356 1393 1378 1430 1⁰

333 1470 502 1530 hominibus
531 1472 614 1528 iussu
646 1469 695 1527 dei
725 1470 839 1547 fugatis
871 1471 1001 1529 tenebris
1029 1470 1107 1528 diem
1134 1469 1241 1544 reddit,
1268 1468 1342 1544 quod

333 1579 387 1636 per
414 1560 569 1618 duodecim
596 1560 736 1617 horarum
760 1561 861 1635 spatia
883 1576 986 1619 cursus
1009 1562 1055 1618 sui
1079 1560 1213 1619 ordinem
1236 1558 1342 1634 dirigit,

335 1648 435 1707 Solem
468 1649 528 1707 dici
559 1649 728 1723 voluerunt,
760 1668 819 1707 non
852 1650 924 1724 quia
956 1650 1036 1708 aolus
1070 1651 1123 1724 cst,
1160 1650 1195 1705 ut
1227 1648 1341 1723 quidam

223 1753 320 1802 101160
334 1740 440 1798 volunt
456 1730 459 1819 J
477 1739 548 1813 quia
570 1738 633 1796 illie
657 1741 687 1796 et
714 1737 829 1796 caelum
858 1740 903 1797 est
929 1741 960 1796 et
981 1739 1054 1796 luna
1078 1740 1108 1796 ct
1130 1738 1191 1796 alia
1218 1737 1341 1812 plurima

334 1827 431 1886 sidera
458 1847 536 1904 quae
559 1827 703 1900 videmus,
731 1846 766 1885 ex
794 1826 902 1903 quibus
926 1827 1072 1902 quaedam
1095 1827 1178 1885 velut
1206 1826 1293 1883 infixa
1315 1827 1341 1881 et
1358 1838 1379 1872 15

334 1917 523 1977 cohaerentia
550 1919 695 1992 perpetua
723 1917 871 1991 semelque
895 1920 984 1991 capta
1007 1916 1075 1974 seda
1099 1916 1264 1990 conlucent,
1286 1915 1342 1973 aha

425 2142 462 2195 13
483 2144 580 2198 ciete
593 2143 784 2197 occaecati
796 2147 831 2195 68
853 2142 912 2194 Iam
926 2140 1066 2209 Apollinis
1085 2157 1187 2194 nomeu
1207 2144 1250 2194 eat
1264 2139 1341 2193 Graa-

335 2232 411 2280 cum‚
440 2232 522 2281 quem
551 2213 643 2268 Solem
671 2231 731 2266 esse
758 2212 864 2268 volunt.
910 2212 1031 2265 Dianam
1061 2215 1153 2266 autem
1185 2215 1214 2265 et
1241 2212 1341 2264 Lunam

335 2286 452 2338 eandem
481 2302 540 2339 esee
568 2288 679 2353 putant,
707 2302 771 2338 cum
800 2284 847 2337 Sol
875 2284 967 2338 dictus
993 2284 1043 2349 eit,
1068 2284 1111 2337 vel
1134 2284 1201 2351 quia
1221 2282 1293 2337 solue
1312 2298 1342 2335 ex

335 2356 464 2410 omuibus
482 2356 620 2410 sideribus
640 2361 683 2410 est
701 2360 797 2410 tantus
816 2355 860 2409 vel
877 2356 953 2423 quia,
972 2372 1035 2409 oum
1054 2358 1097 2409 est
1115 2359 1237 2419 exortus,
1251 2354 1342 2407 obscu-

335 2429 404 2482 ratis
432 2428 562 2481 omnibus
590 2427 665 2482 aolus
694 2431 820 2497 apparet,
849 2427 927 2481 Luna
952 2446 969 2479 a
991 2427 1110 2481 lucendo
1134 2427 1278 2479 nominata
1297 2425 1342 2487 sit;
1400 2468 1401 2475 ,

335 2501 434 2555 eadem
452 2503 495 2554 eet
518 2500 592 2553 enim
611 2499 783 2553 Lucina...
875 2498 912 2552 14
934 2500 1049 2568 Quintil.
1064 2500 1175 2553 declam.
1190 2500 1238 2551 IV
1249 2502 1283 2551 13
1301 2495 1342 2564 (ei·
1399 2552 1400 2557 ,

336 2572 443 2640 derum)
462 2571 602 2640 quaedam
624 2570 701 2624 velut
724 2571 809 2624 infixa
832 2588 865 2624 ac
889 2570 1068 2624 cohaerentia
1090 2574 1228 2639 perpetua
1252 2565 1342 2622 samal-
1399 2588 1401 2657 q

336 2660 390 2713 quc
409 2645 493 2711 capta
512 2642 577 2695 aede
596 2642 744 2706 collucent,
768 2641 825 2695 alia
848 2644 907 2696 toto
932 2659 1028 2710 sparsa
1052 2641 1130 2697 coelo
1148 2657 1235 2710 vagos
1254 2655 1343 2693 cursus

335 2716 420 2770 cortis
438 2715 609 2768 emetiuntur
627 2713 774 2768 erroribus.

409 2894 424 2947 l
445 2895 471 2946 d.
482 2913 512 2962 p.
528 2894 645 2947 creverit
663 2895 727 2947 add.
788 2893 805 2945 2
825 2897 979 2965 queruntur
997 2892 1034 2946 Et
1053 2892 1085 2945 P.
1148 2889 1342 2960 tingerentur

335 2965 372 3019 ut
395 2968 428 3020 P.
502 2968 528 3019 d.
538 2984 569 3035 p.
583 2964 689 3018 malum
708 2966 772 3019 aad.
855 2965 874 3018 11
893 2966 920 3019 d.
930 2983 960 3034 p.
975 2963 1087 3017 reddita
1106 2964 1171 3017 add.
1249 2962 1340 3017 seon-

336 3037 437 3090 stantis
456 3038 510 3102 Kr,
534 3037 634 3089 stantis
654 3039 686 3092 P.
783 3037 801 3087 9
823 3036 950 3105 Accipite
969 3036 1025 3090 etia
1044 3052 1112 3089 sacr.
1132 3034 1221 3103 princ.
1241 3033 1295 3087 etit
1313 3028 1340 3094 P,

336 3111 453 3162 atterum
470 3108 557 3161 etiam
579 3110 630 3162 del.
645 3110 697 3162 Fe.-
715 3108 772 3160 iam
793 3148 842 3161 ...
862 3108 949 3161 etiam
967 3109 1025 3174 Ha,
1045 3108 1242 3175 (11613118.

337 3180 374 3233 lo
394 3179 509 3233 deorum
528 3179 573 3245 St,
591 3184 658 3233 eoru
676 3181 709 3234 P.
798 3177 835 3232 14
853 3180 919 3235 baec
936 3197 970 3233 esc
988 3178 1286 3248 Pseudo-Quintiliano
1302 3190 1341 3229 ec·

336 3258 429 3320 carpto
446 3268 501 3305 eece
519 3254 643 3321 copooott
662 3253 796 3321 Weymaa
815 3252 920 3317 (Romae
938 3250 1077 3307 d'bistoire
1100 3257 1125 3305 ct
1147 3251 1181 3304 dc
1199 3250 1342 3326 litterature

336 3323 653 3393 relipicaaea1111898,
668 3326 744 3389 383),
759 3339 811 3391 qao
828 3324 903 3389 facto
922 3330 947 3377 ct
965 3324 1075 3378 Bellias
1093 3328 1118 3376 ct
1136 3338 1186 3375 nos
1204 3338 1237 3374 ea
1250 3336 1301 3375 ease
1315 3332 1343 3369 m

337 3397 365 3449 P
380 3396 484 3462 ama'pta
497 3396 696 3462 perepccimae,
714 3412 785 3463 qaae
803 3396 835 3447 to
852 3402 979 3449 contexta
996 3400 1088 3448 norbo
1108 3394 1243 3462 aptatur.

338 3467 375 3522 lt
393 3466 473 3521 uelut
491 3464 577 3517 infixa
595 3467 630 3531 P,
652 3480 709 3517 una
728 3466 799 3519 serie
812 3483 858 3533 pr.
964 3465 1001 3518 16
1025 3462 1144 3531 semelqu
1164 3464 1248 3532 capta
1271 3458 1343 3515 *eda

337 3537 475 3610 cdllucent
489 3539 523 3605 P,
542 3536 680 3604 simulque
700 3536 832 3606 copulata
850 3536 945 3591 lucent
958 3556 1004 3607 pr.

428 3720 444 3771 1
467 3720 556 3774 Matb.
571 3718 761 3772 LXXJJIrI
777 3722 811 3771 17
838 3716 938 3768 horum
962 3715 1100 3768 malorum
1125 3714 1226 3767 fortius
1252 3707 1344 3766 crescit

338 3789 511 3858 improbitas.
586 3789 604 3843 8
624 3790 714 3843 Mart.
730 3787 900 3842 Lx01112
918 3786 1058 3839 constanti
1076 3784 1182 3838 iudicio
1201 3782 1306 3839 mentis.
