3100 4359
318 364 361 429 22
656 363 795 417 PlRMIOI
813 362 981 417 MA'PldltNI
1406 405 1407 461 ,

318 551 389 591 nam
412 533 534 591 Eleusin
566 532 662 591 dictus
693 535 746 605 est,
777 532 856 607 quod
885 533 958 591 illuc
981 532 1074 593 Ocres¹
1098 534 1204 595 relicta
1228 534 1337 593 Henna

283 626 449 684 evenerat.
500 622 549 680 Sia
578 621 657 696 quod
688 623 754 697 ipsa
782 621 952 697 dispensato
986 622 1065 698 quod
1094 622 1248 682 adtulerat
1277 625 1337 681 fru-

319 715 419 770 mento
442 709 677 788 colligendarum
699 711 819 787 frugum
846 710 1012 769 tradiderat
1035 712 1239 788 disciplinam,
1268 715 1337 788 post

318 804 444 860 mortem
467 800 505 859 ob
527 800 703 858 beneficium
725 799 805 875 quod
829 819 864 858 ex
887 801 1009 877 frugum
1037 802 1123 876 copia
1146 800 1337 875 nascebatur,

319 893 350 948 et
373 889 490 966 sepulta
522 889 555 947 in
583 889 648 948 loco
682 890 728 946 est
758 890 872 963 pariter
904 892 934 947 et
965 892 1146 962 consecrata,
1179 893 1210 949 et
1233 890 1337 949 divino
1364 910 1374 949 e

319 998 387 1037 cum
407 979 467 1037 filia
487 977 639 1054 appellata
657 976 785 1036 nomine.
822 977 915 1036 Amat
933 979 1012 1037 enim
1027 976 1208 1038 Graecorum
1227 979 1337 1038 levitas

319 1069 444 1143 eosqui
468 1067 526 1126 sibi
549 1066 664 1141 aliquid
688 1066 876 1134 contulerint,
905 1067 952 1126 vel
976 1068 1028 1142 qui
1051 1069 1175 1127 consilio
1200 1070 1255 1126 aut
1278 1070 1339 1127 vir-

318 1158 384 1215 tute
411 1175 442 1216 se
465 1158 611 1230 iuverint,
639 1155 748 1214 divinis
778 1156 929 1231 appellare
957 1156 1141 1231 nominibus,
1169 1161 1199 1215 et
1228 1158 1272 1215 sic
1300 1158 1339 1215 ab

319 1247 393 1322 ipsis
421 1245 630 1305 beneficiorum
655 1246 755 1323 gratia
778 1249 961 1320 repensatur,
988 1248 1023 1304 ut
1046 1246 1115 1306 deos
1139 1245 1242 1305 dicant
1266 1246 1339 1306 deos

319 1353 382 1393 esse
405 1335 536 1407 credant,
559 1334 611 1409 qui
629 1334 687 1394 sibi
706 1334 867 1409 aliquando
886 1336 1061 1410 proluerint.
1099 1334 1148 1393 Sic
1172 1334 1207 1392 de
1226 1335 1339 1395 Libero
1354 1356 1377 1395 re

318 1424 394 1483 Nisa
421 1443 482 1483 non
504 1422 632 1499 dubitat,
656 1440 709 1481 nec
732 1422 768 1481 de
792 1423 876 1483 novis
900 1423 1027 1502 ambigit
1047 1424 1156 1499 Sparta
1180 1424 1340 1497 sideribus,

319 1517 433 1573 cremat
465 1516 495 1571 et
527 1513 680 1572 consecrat
706 1511 861 1570 Herculim
889 1515 984 1573 tristis
1014 1510 1102 1586 Oeta,
1138 1514 1170 1571 et
1202 1532 1221 1570 a
1249 1515 1340 1573 vanis

285 1616 299 1663 7
321 1601 509 1662 cretensibus
533 1601 629 1660 adhuc
647 1603 759 1659 mortui
782 1601 861 1660 Iovis
875 1602 1008 1661 tumulus
1023 1602 1174 1661 adoratur,
1202 1602 1342 1661 Additur

319 1694 421 1750 tamen
448 1691 644 1750 sacratissimi
670 1692 866 1765 imperatores
894 1691 933 1749 ad
964 1691 1052 1751 huius
1080 1691 1199 1766 profani
1227 1692 1341 1751 erroris

319 1783 522 1858 augmentum,
554 1779 634 1855 quod
666 1780 720 1838 hos
752 1780 886 1839 homines
918 1779 950 1838 id
978 1784 1023 1839 est
1046 1780 1186 1839 Liberum
1211 1783 1242 1839 et
1265 1780 1379 1841 Pro-15

319 1872 469 1946 serpinam
482 1869 595 1929 maiore
614 1868 701 1944 quasi
720 1868 898 1928 auctoritate
917 1868 1064 1928 defendat.
1101 1870 1180 1928 Nam
1193 1869 1341 1929 Liberum

319 1958 357 2017 ad
377 1958 476 2018 Solem
490 1959 596 2019 volunt
609 1958 717 2016 referre
737 1960 904 2017 commenta
919 1956 1107 2032 Graecorum,
1126 1958 1342 2035 Proserpinam

319 2067 390 2107 vero
427 2047 565 2106 Liberam
598 2047 728 2106 dicentes
761 2046 878 2105 Lunam
911 2066 973 2108 esse
1010 2048 1194 2125 confingunt.
1251 2049 1343 2118 Quod

319 2156 410 2213 quam
437 2137 598 2195 absurdum
626 2140 656 2195 et
685 2154 775 2210 quam
803 2138 945 2195 miserum
972 2139 1013 2195 sit
1040 2156 1075 2196 ex
1102 2138 1169 2213 ipsa
1198 2139 1342 2199 veritatis

318 2245 474 2302 possumus
504 2227 621 2284 ratione
652 2224 800 2302 colligere.
854 2224 925 2293 Quis
955 2226 1033 2283 vidit
1065 2245 1191 2301 puerum
1222 2226 1342 2286 solem?
1357 2250 1381 2287 ao

207 2329 301 2375 socer
320 2316 401 2396 Quis,
420 2316 543 2374 fefellit·
561 2316 628 2389 quis
652 2312 782 2372 occidit?
817 2313 888 2381 Quis
918 2316 1076 2373 laceravit·
1098 2309 1102 2391 Ι
1123 2316 1190 2391 quis
1219 2315 1340 2374 divisit·

257 2415 304 2466 (aa)
319 2404 386 2479 quis
409 2404 549 2462 membris
574 2405 636 2462 eius
660 2403 798 2477 epulatus
823 2401 888 2461 ast?
921 2403 992 2473 Quis
1011 2404 1115 2462 lunam
1133 2406 1254 2479 rapuit·
1271 2406 1342 2481 quis

282 2491 495 2557 asbscondit?
527 2491 599 2560 Quis
618 2492 756 2550 Plutonis
775 2494 932 2569 coniugem
949 2490 1042 2552 fecit?
1075 2492 1183 2552 Sedet
1206 2513 1343 2553 errorem

408 2714 425 2769 2
446 2715 619 2785 dispensatio
696 2714 837 2769 frumenta
852 2716 885 2781 P,
904 2733 952 2770 em.
970 2715 1017 2769 Gr.
1063 2714 1193 2788 5<hoc>
1207 2716 1270 2770 loco
1287 2718 1341 2773 Slr.

317 2788 336 2842 6
356 2787 512 2857 appellata'
531 2786 647 2841 numine
662 2787 697 2854 P,
715 2804 763 2841 em.
780 2787 838 2841 Wo.
894 2788 939 2841 dd.
949 2806 979 2856 p.
997 2788 1012 2841 7
1029 2786 1201 2842 contulerint
1219 2787 1341 2843 00810-

316 2859 409 2913 verint
428 2866 452 2913 et
472 2859 510 2913 10
533 2859 650 2912 credant
668 2858 732 2913 add.
799 2857 834 2911 11
856 2857 933 2927 Nysa
952 2860 1000 2913 Ra
1008 2860 1065 2913 Ηα.
1130 2859 1247 2927 spartba
1265 2860 1301 2913 P.
1412 2922 1413 2925 Ἴ

319 2930 356 2984 12
374 2930 523 2984 Herculem
542 2931 617 2996 edd.;
631 2946 681 2984 uos
698 2930 801 2984 codicis
822 2932 988 2997 scripturam
1010 2931 1155 2996 mouimus,
1180 2937 1213 2986 ut
1230 2934 1281 3001 qui
1299 2940 1343 2987 ter
1412 2926 1413 2997 l

319 3003 366 3069 (cf.
377 3005 423 3069 29,
434 3005 453 3055 8
466 3009 491 3055 et
505 3005 550 3069 30,
559 3006 607 3069 21)
619 3000 643 3054 ia
661 3002 703 3055 cel
720 3001 760 3054 im
779 3000 921 3069 praebeat.
941 3003 975 3067 cf.
988 3006 1078 3067 30,13
1092 3001 1246 3068 Diomedis,
1262 3007 1341 3069 50,8
1412 3052 1413 3071 ,

318 3072 407 3126 Sedis.
459 3075 536 3126 oetas
555 3073 589 3139 P,
608 3089 656 3127 em.
674 3073 718 3126 Oe.
782 3071 819 3127 15
839 3073 864 3126 d.
881 3079 944 3126 autc
963 3072 1038 3141 quod
1057 3090 1108 3127 om.
1123 3074 1158 3138 P,
1175 3074 1223 3127 scd
1241 3076 1342 3129 carebit

318 3143 408 3208 Quod.
463 3144 621 3197 bibomines
637 3144 664 3196 P
677 3144 723 3211 (cf.
737 3148 784 3209 25,
795 3148 830 3198 13
848 3142 1028 3212 noNomine),
1047 3162 1095 3198 em.
1107 3144 1136 3197 F
1140 3145 1157 3209 l,
1176 3144 1340 3199 binomines

318 3216 375 3268 Bu.
467 3215 504 3267 16
522 3215 612 3268 libera
625 3216 659 3268 P.
750 3213 786 3268 21
807 3216 852 3269 dd.
864 3233 894 3283 p.
909 3214 1044 3269 laceravit
1062 3222 1088 3270 et
1105 3215 1201 3268 divisit
1220 3218 1286 3271 odd.
1303 3248 1339 3257 -

318 3286 402 3340 Nihil
419 3287 450 3338 iu
467 3287 526 3351 foll.
541 3290 572 3340 8ο
587 3294 637 3340 out
651 3291 681 3340 θ’
694 3287 755 3340 alia
772 3303 859 3340 mauu
878 3294 1046 3352 retroactum,
1065 3293 1139 3342 emat
1157 3288 1215 3341 Ηα.

409 3464 427 3515 6
446 3463 615 3517 Graecomm
638 3463 751 3518 levitas:
774 3465 809 3529 cf.
831 3465 921 3518 Malla
936 3469 961 3530 6,
971 3469 1015 3519 29.
1039 3468 1084 3529 37,
1095 3468 1138 3518 12.
1168 3466 1219 3519 Mo
1235 3466 1336 3537 ²3l19·

324 3534 463 3601 Wozfflio,
483 3537 564 3590 Aret.
578 3537 598 3603 f.
614 3536 682 3590 Lex.
698 3535 767 3589 XII
781 3539 825 3589 26.
882 3535 919 3589 16
938 3536 972 3601 cf.
987 3539 1085 3601 29,13.
1151 3535 1188 3589 10
1206 3535 1338 3591 veritatis

377 3606 498 3661 ratione:
517 3608 551 3674 cf.
567 3608 605 3661 ad
623 3611 701 3672 142.
775 3605 814 3659 20
832 3605 1041 3661 verberatione
1060 3606 1192 3677 colligere
1211 3608 1243 3660 dn
1260 3608 1339 3662 cluu-

318 3677 384 3731 aula
410 3684 519 3732 mant
541 3682 616 3744 43,5
641 3685 666 3731 et
688 3679 870 3748 quinquapicc
892 3680 924 3731 io
943 3679 1066 3732 Mathoae*
1087 3682 1201 3745 (59,10.
1231 3683 1274 3745 60,
1289 3682 1339 3734 20.

319 3751 367 3814 cc,
377 3752 411 3801 31
430 3753 498 3817 oet).
