3100 4359
335 380 378 443 34
676 378 814 433 FIRMICI
832 378 1001 433 MATuRNI

334 568 401 609 cum
424 548 593 608 hominibus
612 566 716 606 nocere
735 547 895 622 coeperint,
917 548 1051 625 religiosi
1068 549 1214 608 sermonis
1232 548 1347 626 flagella

334 641 492 716 castigant.
540 637 588 696 Sic
611 640 642 693 in
665 655 788 713 corpore
810 638 965 696 hominum
989 636 1157 696 constituti·
1191 638 1236 696 dii
1258 640 1346 696 vestri
1399 638 1400 689 ἲ

334 728 424 787 verbo
448 728 495 787 dei
519 726 700 802 spiritalium
722 726 911 785 flammarum
933 726 1002 804 igne
1025 730 1214 802 torquentur,
1245 731 1276 785 et
1299 726 1346 801 qui

335 822 409 892 aput
439 836 491 878 vos
521 816 609 891 quasi
638 815 681 873 dii
710 816 863 889 coluntur,
897 820 972 891 aput
1006 834 1060 875 nos
1091 814 1252 895 religiosae
1282 815 1347 873 fidei

332 907 464 966 medelas
502 904 613 964 Christi
649 907 748 982 gratia
778 906 908 964 humano
938 904 1125 964 subiacentes
1152 906 1290 980 imperio·
1320 908 1376 963 ets

333 999 483 1055 tormenta
504 997 706 1072 repugnantes
729 996 889 1053 sustinent·
914 996 945 1052 et
967 994 1041 1053 victi
1062 995 1167 1069 poenis
1189 992 1347 1053 ultricibus

333 1085 539 1161 subiugantur.

272 1189 319 1239 (97)
422 1173 502 1232 XIV.
535 1173 660 1232 Penates
688 1172 780 1232 etiam
808 1173 861 1247 qui
892 1174 953 1231 sint
983 1172 1130 1247 explicare
1161 1173 1348 1245 contendam,
1400 1238 1401 1257 ,

333 1284 370 1321 ne
394 1263 467 1339 quid
494 1283 512 1323 a
539 1282 586 1321 me
612 1264 856 1337 praetermissum
883 1256 967 1339 <esse
994 1261 1140 1321 videatur.
1187 1260 1246 1329 Qui
1275 1262 1348 1320 nihil

334 1354 416 1412 aliud
439 1347 569 1429 putant>
592 1370 654 1410 esse
673 1352 777 1425 vitam,
800 1352 859 1409 nisi
882 1351 1020 1411 vescendi
1047 1354 1077 1410 et
1103 1350 1230 1427 potandi
1259 1351 1347 1409 licen·
1360 1373 1378 1409 ιο

332 1444 416 1518 tiam,
439 1442 493 1501 hos
516 1440 575 1499 sibi
597 1440 667 1500 deos
691 1460 727 1501 ex
749 1440 925 1515 cupiditatis
949 1458 1020 1499 suae
1043 1440 1217 1499 humilitate
1240 1440 1348 1499 fincxe·

332 1536 411 1606 runt,
435 1533 620 1590 nutrimenta
638 1530 771 1605 eorporis
795 1548 871 1605 quae
895 1549 930 1587 ex
953 1528 1125 1589 cottidianis
1154 1530 1253 1603 epuHs
1284 1548 1348 1589 con-

332 1622 492 1695 parantur,
519 1620 574 1678 hoo
601 1621 720 1677 nomine
749 1637 803 1693 pro
832 1618 928 1678 salute
955 1619 1109 1677 hominum
1132 1622 1348 1678 consecrantes.

334 1710 411 1778 Quia
433 1727 487 1785 per
509 1709 613 1783 epulas
633 1710 765 1785 corporis
788 1708 920 1766 reficitur
942 1707 1109 1781 infirmitas,
1134 1708 1282 1767 alimenta
1306 1727 1348 1767 so-

221 1816 262 1862 sol·
277 1809 319 1851 Μ’
332 1800 395 1857 lum
421 1817 483 1858 esse
503 1798 589 1856 deum
609 1800 795 1870 sancxerunt,
812 1790 816 1875 1
832 1797 994 1857 nescientes
1014 1796 1107 1854 divini
1133 1797 1248 1856 oraculi
1274 1798 1347 1856 veri·
1360 1816 1379 1855 u

298 1892 435 1952 atatem.
483 1885 557 1945 (lum
586 1887 667 1946 enim
696 1887 833 1945 dominus
861 1886 945 1945 Iesus
970 1885 1105 1945 Christus
1129 1904 1196 1945 eum
1227 1886 1348 1947 diabolo

332 1997 386 2053 pro
410 1980 513 2036 nostra
539 1976 636 2035 salute
662 1976 822 2035 sollicitus·
855 1975 958 2034 divina
985 1976 1151 2034 maiestatis
1179 1994 1251 2035 suae
1283 1995 1349 2035 con-

332 2066 495 2125 luctatione
519 2068 655 2136 certaret,
679 2068 709 2123 et
731 2068 767 2122 ut
790 2064 826 2123 de
848 2064 985 2124 faucibus
1008 2066 1071 2123 eius
1103 2083 1191 2139 quem
1224 2065 1349 2142 gerebat

332 2156 481 2215 hominem
505 2154 654 2229 liberaret,
677 2156 734 2213 hac
756 2173 825 2213 eum
847 2155 1039 2231 responsione
1063 2155 1225 2229 quassavit.
1270 2155 1347 2213 Nam

332 2262 399 2304 curn
422 2246 581 2304 diceretei
603 2244 754 2303 diabolus:
792 2239 841 2302 ‘Si
864 2244 967 2301 filius
992 2243 1049 2301 dei
1072 2262 1107 2301 es
1133 2244 1191 2301 fao
1219 2245 1260 2301 ut
1285 2242 1348 2303 isti
1361 2262 1380 2299 u

331 2333 473 2410 lapides
496 2353 605 2409 panes
629 2326 750 2406 fiant,'
773 2332 994 2408 respondens
1022 2333 1050 2391 ei
1073 2332 1210 2391 dominus
1238 2332 1349 2391 dixit:

421 2522 459 2576 20
478 2523 580 2577 Mane.
596 2522 673 2575 11⁷3
692 2522 772 2587 (Luc.
789 2521 838 2574 IV
849 2524 887 2587 3).

421 2647 436 2701 1
457 2649 483 2702 d.
494 2665 524 2715 p.
540 2646 684 2716 coeperint
697 2646 761 2700 aad.
847 2645 982 2700 Monte
996 2645 1037 2699 dii
1051 2645 1116 2699 add.
1198 2641 1351 2699 dmedcla
1403 2664 1404 2697 1

331 2720 432 2774 FlBu
503 2716 723 2773 SPOeNATes
742 2720 775 2772 P.
849 2717 1068 2789 tipretermissd
1081 2716 1209 2770 assouisa
1222 2718 1256 2770 P.
1315 2717 1352 2770 sit
1403 2742 1404 2773 l

329 2790 567 2860 praetermissum.
595 2789 650 2854 Qui
667 2788 740 2843 nihil
758 2788 837 2842 aliud
851 2792 953 2858 putant
968 2789 1017 2842 Fl.
1047 2791 1158 2844 Rectius
1172 2788 1219 2841 Bu
1233 2803 1270 2841 ιιι
1284 2806 1351 2859 seep-

325 2865 420 2931 pleat,
434 2880 503 2932 qam
517 2864 549 2915 irc
561 2869 654 2916 nomo
667 2868 794 2915 comeatu
808 2863 943 2931 leuantur,
961 2862 996 2928 cf.
1012 2862 1097 2927 infra.
1153 2858 1189 2913 12
1205 2859 1312 2926 aepulis
1326 2862 1354 2914 P

329 2936 418 3003 sicque
446 2936 527 2988 etiarn
554 2936 599 2998 46,
613 2937 652 2987 22
678 2939 704 2986 et
727 2936 770 2998 71,
784 2937 819 2998 4,·
846 2934 938 2987 ceteris
964 2938 1094 3001 quattuor
1126 2932 1191 2985 loeis
1216 2935 1250 2997 (o.
1275 2933 1350 2999 ind.)

330 3006 439 3077 epulae.
514 3003 548 3057 17
570 3005 595 3057 d.
606 3022 637 3072 p.
657 3003 795 3057 sollicitus
814 3004 877 3057 add.
951 3006 999 3057 oin
1021 3020 1071 3057 cos
1091 3004 1257 3058 continemus
1279 3005 1351 3072 quin

330 3075 537 3130 conflictatione
556 3078 714 3142 scribamus,
733 3093 756 3130 v.
771 3076 858 3141 infra.
944 3074 981 3129 18
1000 3077 1134 3142 cenaret,
1157 3073 1193 3127 Et
1210 3077 1242 3126 ut
1261 3076 1302 3139 P,
1322 3078 1352 3128 et

330 3148 380 3202 del.
397 3150 445 3202 Bu
456 3151 510 3202 Ha.
583 3163 637 3218 que
656 3150 690 3213 P,
709 3164 757 3201 erre.
773 3147 821 3201 Fl.
908 3145 945 3200 19
965 3148 990 3199 d.
1001 3146 1182 3216 adhereret
1199 3146 1265 3199 add.

420 3271 436 3324 1
458 3272 548 3325 Mass
563 3276 670 3338 28,13.·
687 3270 815 3326 facinora
834 3272 894 3325 eius
910 3313 951 3340 .,.
966 3270 1046 3324 nulla
1064 3270 1208 3325 ultricium
1227 3271 1349 3325 deorum

329 3343 443 3413 flagella
462 3343 621 3412 castigant?
694 3343 750 3415 afa
775 3344 865 3397 Mau.
881 3348 970 3409 77,19
993 3344 1068 3396 hunc
1090 3341 1182 3397 locum
1203 3360 1279 3396 nune
1300 3360 1349 3396 ex-

329 3415 436 3484 plicare
456 3414 598 3479 debemus,
617 3430 652 3467 ne
676 3415 745 3483 quid
764 3431 781 3468 a
800 3414 880 3468 nobis
901 3416 930 3468 in
949 3415 1004 3468 ista
1022 3414 1201 3469 institutione
1219 3418 1347 3483 praeter-

329 3486 446 3540 missum
460 3502 520 3540 esse
534 3486 670 3540 videatur.
691 3486 732 3553 Of.
748 3492 793 3553 95,
803 3490 850 3553 28,
865 3487 916 3541 Mo
931 3492 956 3541 9.
1019 3486 1056 3539 18
1077 3487 1166 3541 Mass.
1182 3490 1275 3554 36,20
1295 3484 1346 3539 alii

330 3559 364 3612 dc
383 3558 441 3612 filio
460 3558 580 3611 erratica
599 3557 787 3612 contentionis
806 3556 1014 3612 conflictatione
1038 3559 1184 3611 certarent,
1210 3560 1246 3624 cs.
1259 3562 1308 3623 20,
1319 3560 1343 3611 3.

329 3634 445 3694 146,11.
475 3634 570 3694 195,3.
599 3633 717 3695 217,st
754 3628 955 3685 LXXV1⁰II
970 3634 995 3683 5.
1033 3628 1343 3685 LXXXV11'1138.

328 3700 386 3755 10⁰
395 3703 434 3755 11
445 3706 489 3756 39.
509 3702 542 3754 de
560 3717 611 3755 err.
628 3706 671 3767 61,
682 3705 707 3755 6.
738 3701 799 3755 Vox
817 3700 989 3757 conluctatio
1003 3701 1060 3755 ussi
1072 3701 1122 3755 hoc
1136 3702 1192 3755 loce
1206 3718 1345 3770 nosquam

328 3774 406 3841 apud
424 3774 588 3827 Firmieum.
