3100 4359
345 387 387 451 ’16
687 384 826 443 rutundi
844 386 1013 443 nuruum

344 557 508 617 mendum
532 558 588 617 est
610 556 667 616 vel
689 554 938 633 recipiendum
961 556 1045 632 quia
1069 560 1154 616 sunt
1176 556 1249 615 dii?
1290 559 1352 616 Ne-

343 665 410 721 que
438 666 456 706 a
479 646 635 721 furibus,
663 664 776 721 neque
805 664 824 704 a
846 646 1054 708 latronibus
1077 664 1112 705 se
1135 646 1351 721 liberabunt,

343 736 395 796 dii
418 736 532 816 lignei
555 741 590 796 et
610 737 746 795 aurati·
766 739 802 796 et
819 736 1058 814 inargentati,
1082 736 1212 812 quibus
1237 737 1275 797 hi
1297 738 1352 813 qui

343 827 458 886 fortes
488 827 572 887 aunt
602 844 725 884 aurum
755 830 791 885 et
820 829 1008 905 argentum
1038 846 1105 902 quo
1134 828 1254 903 operti
1277 830 1352 889 sunt
1401 858 1402 861 ι

308 917 514 976 dauferunt
539 911 638 975 illis.'
685 915 806 975 Tollite·
830 917 928 976 tollite
958 917 1054 975 securi
1083 915 1277 975 sacratissimi
1304 920 1379 974 ins

341 1008 495 1081 potatores
519 1007 694 1065 ornamenta
715 1001 905 1083 templorum.
947 1006 1027 1064 Deos
1049 1005 1122 1065 istos
1145 1008 1200 1063 aut
1223 1010 1351 1065 monetae

342 1094 434 1172 ignia·
461 1099 516 1155 aut
543 1094 734 1153 metallorum
763 1098 874 1171 coquat
902 1095 1034 1169 flamma,
1065 1094 1190 1154 donaria
1220 1097 1351 1154 universa

342 1184 381 1242 ad
408 1185 571 1243 utilitatem
597 1186 729 1243 vestram
754 1183 978 1261 dominiumque
999 1184 1168 1243 transferte.
1215 1184 1289 1244 Post
1310 1203 1351 1243 er·

246 1283 248 1288 '
341 1272 424 1344 cidia
443 1274 623 1349 templorum
645 1274 677 1331 in
700 1274 798 1332 maius
820 1273 869 1333 dei
892 1275 963 1332 estis
986 1273 1097 1332 virtute
1119 1274 1261 1349 provecti.
1307 1273 1351 1329 Vi-

342 1362 424 1421 cistis
442 1363 555 1422 hostes·
574 1360 764 1439 propagastis
783 1364 950 1438 imperium,
969 1365 999 1423 et
1016 1364 1052 1420 ut
1069 1361 1233 1421 virtutibus
1251 1365 1350 1423 vestris
1362 1381 1381 1417 u

341 1450 438 1529 gloria
467 1451 564 1511 maior
591 1451 754 1525 accederet,
783 1455 900 1511 mutato
929 1468 963 1509 eo
990 1454 1161 1527 contempto
1188 1454 1351 1528 temporum

237 1558 327 1605 rossor
342 1540 460 1599 ordine·
484 1542 581 1599 hieme
609 1540 688 1616 quod
715 1558 769 1598 nec
796 1542 909 1600 factum
937 1543 983 1599 est
1010 1540 1171 1616 aliquando
1192 1538 1196 1615 Ι
1218 1560 1272 1600 nec
1297 1541 1351 1615 liet,

341 1631 491 1689 tumentes
514 1648 549 1689 ec
572 1632 737 1690 saevientes
759 1630 855 1691 undas
878 1629 1014 1690 calcastis
1033 1628 1151 1689 Oceani.
1185 1630 1247 1690 Sub
1270 1632 1351 1691 remis

341 1721 449 1778 vestris
470 1719 618 1795 incogniti
641 1720 707 1777 iam.
725 1718 811 1778 nobis
835 1739 929 1796 paene
951 1721 1042 1778 maris
1065 1719 1145 1778 unde
1169 1722 1351 1793 contremuit,

341 1810 372 1867 et
393 1809 575 1885 insperatam
598 1808 788 1883 imperatoris
811 1806 918 1868 faciem
936 1808 1099 1868 Britannus
1117 1810 1247 1885 expavit.
1280 1808 1351 1878 Quid
1363 1824 1381 1863 is

341 1898 469 1973 amplius
487 1895 600 1957 vultis?
627 1896 799 1957 Virtutibus
817 1900 924 1958 restris
942 1900 1023 1958 victa
1037 1897 1184 1959 elementa
1197 1902 1351 1958 cesserunt.

234 1992 320 2045 (uolt
340 1984 425 2055 Quod
444 1990 546 2045 autem
564 1987 638 2046 deus
655 1986 758 2045 iubeat
776 1987 858 2045 idola
880 2006 939 2046 non
960 1986 1025 2047 fieri
1051 1992 1257 2047 sacrosanctae
1280 1988 1352 2065 legis

340 2077 417 2135 scita
439 2076 601 2135 declarant.
645 2075 682 2135 In
706 2076 808 2135 Exodo
837 2076 916 2135 enim
943 2077 986 2138 sio
1012 2076 1179 2137 invenimus
1207 2096 1269 2138 esse
1291 2098 1354 2153 per·
1403 2062 1405 2157 l

341 2167 497 2240 scriptum:
522 2160 615 2225 ‘Non
638 2165 787 2227 facietis
805 2165 906 2226 vobis
925 2166 1007 2227 deos
1027 2171 1219 2242 argenteos
1242 2185 1353 2243 noque

340 2254 424 2315 deos
457 2251 608 2316 aureos'.
661 2254 702 2314 ut
732 2274 835 2318 rursus
866 2260 899 2317 in
931 2256 1034 2315 codem
1064 2254 1142 2315 libro
1174 2273 1276 2316 rocem
1309 2256 1383 2314 dciso

340 2344 471 2403 iubentis
490 2343 622 2405 invenio:
648 2340 740 2404 ‘Non
759 2346 873 2407 facies
892 2347 962 2405 tibi
980 2342 1127 2420 idolum,
1150 2364 1214 2404 nco
1237 2346 1354 2404 cuius·
1403 2340 1404 2389 ἕ

341 2452 445 2509 quam
468 2431 770 2496 similitudinem’
803 2434 951 2496 Pudorem
973 2435 1089 2494 miseris
1107 2435 1214 2494 indicit
1232 2434 1355 2510 spiritus

340 2524 473 2599 sanctus,
497 2524 569 2600 quia
592 2527 677 2601 cupit
699 2528 833 2586 errantes
856 2543 995 2586 revocare
1017 2542 1076 2583 non
1099 2524 1235 2601 perdere,
1258 2527 1291 2583 et
1316 2524 1355 2583 ait
1405 2538 1406 2587 l

340 2632 394 2689 per
412 2612 547 2673 Esaiamz
571 2610 867 2675 ‘confundemini
888 2616 1134 2674 confusionem
1154 2613 1214 2690 qui
1232 2613 1354 2673 fiditis
1405 2676 1406 2679 ,

341 2721 446 2779 super
474 2705 679 2781 sculptilia,
710 2704 771 2781 qui
802 2702 927 2763 dicitis
957 2703 1144 2763 fusilibus:
1174 2722 1237 2763 vos
1266 2705 1384 2765 ostien

432 2855 468 2911 14
487 2858 644 2928 Vercalen.
660 2858 781 2913 111673
800 2858 992 2912 contremuere
1010 2856 1104 2911 undae
1121 2854 1293 2925 penitusque
1313 2872 1354 2911 ex·

340 2928 440 2982 territa
454 2928 547 2983 tellus.
602 2929 640 2982 lu
659 2930 715 2983 Ec.
729 2932 829 2996 20,23.
884 2927 922 2982 21
941 2930 977 2983 ib.
992 2932 1073 2994 20,4.
1130 2924 1168 2981 24
1186 2927 1353 2996 Jes.42,17.

430 3034 448 3089 d
471 3035 595 3091 inaurati
612 3037 731 3091 maletot
749 3037 805 3090 Bu.
917 3035 931 3088 7
954 3042 1017 3103 post
1038 3033 1189 3089 metallorri
1211 3036 1243 3089 in
1265 3037 1355 3101 spolio

340 3123 426 3161 causo
444 3108 516 3163 duce
533 3115 617 3162 tresve
635 3108 739 3161 litterae
757 3124 859 3161 erasm.
933 3106 968 3160 ll
990 3107 1016 3161 d.
1027 3124 1057 3175 p.
1072 3106 1219 3160 accederet
1237 3107 1306 3162 odd.

342 3176 380 3232 la
403 3179 502 3233 oceani
526 3178 662 3233 subremis
684 3178 760 3232 uiis:
784 3177 924 3249 incogniti
945 3180 977 3243 P,
1000 3195 1068 3233 corr.
1089 3177 1213 3245 Sobeffer,
1240 3178 1354 3233 Messall.

341 3250 458 3305 observo.
472 3250 523 3303 IX
539 3254 604 3316 168,
622 3251 658 3317 cf.
672 3250 760 3319 praef.
771 3267 802 3319 p.
818 3249 887 3303 XX.
969 3249 1007 3303 15
1026 3248 1168 3303 brittanus
1188 3251 1220 3304 P.
1290 3252 1317 3305 d.
1327 3266 1353 3317 p.

340 3319 380 3374 lc
402 3320 487 3375 vultis
506 3322 572 3376 add.
646 3321 683 3376 lu
702 3320 861 3390 perscripti
878 3320 942 3374 Non
957 3323 989 3375 P.
1063 3319 1100 3374 21
1122 3326 1185 3389 post
1202 3319 1267 3374 Non
1287 3325 1354 3376 duur

340 3393 447 3447 litterae
464 3410 557 3448 mosae
575 3410 645 3462 quoe
663 3393 686 3445 ti
698 3393 825 3458 fueraut:
840 3392 944 3447 colebat
957 3391 1011 3446 tibi
1024 3394 1146 3447 seribere.
1202 3390 1241 3445 24
1260 3392 1354 3465 pescli

252 3504 258 3513 .
341 3462 478 3517 Confund.
493 3466 527 3519 P.
582 3463 787 3517 confundimini
807 3464 854 3518 Bu
872 3481 905 3527 ec
924 3464 1020 3517 LXX.
1075 3462 1113 3517 at
1133 3462 1279 3532 sculptilia
1300 3465 1353 3527 Wo,

341 3534 477 3604 capitalia
496 3538 530 3602 P,
548 3535 692 3605 scalptilia
711 3536 759 3589 Bu
773 3536 831 3589 Ha.
887 3536 913 3589 d.
929 3536 993 3589 add.

430 3642 449 3696 t
468 3644 503 3709 cf.
517 3646 562 3710 83,
572 3646 598 3696 3.
663 3641 700 3696 lu
720 3642 810 3696 Mutis.
826 3640 967 3697 LXXIV
982 3644 1004 3697 I
1017 3646 1053 3696 45
1072 3642 1198 3696 saeviens
1217 3644 1352 3698 undarum

341 3713 597 3852 {gotensssfginuc
616 3714 677 3769 Fet.
698 3714 794 3768 Vlla
820 3713 863 3766 ira
883 3755 906 3767 ..
926 3716 1037 3767 tumens
1060 3715 1089 3769 et
1112 3714 1249 3769 saeviens.
