3100 4359
425 1064 726 1138 CONSPEOTUS
756 1064 956 1137 LIBELLI.

185 1325 362 1381 Praefatio
415 1368 1000 1380 ..............
1045 1327 1117 1396 p.V

217 1422 277 1481 51.
307 1415 350 1468 De
368 1415 540 1469 chtionibus
559 1419 588 1468 et
606 1415 708 1469 studiis
727 1415 904 1470 Firmicianis
950 1459 954 1468 .
994 1459 1000 1469 .
1052 1458 1068 1483 „
1091 1415 1117 1468 V

307 1503 350 1557 De
377 1504 548 1558 editionibus
568 1537 601 1544 —
621 1505 662 1558 De
686 1505 871 1559 recentiorum
900 1505 1001 1560 studiis

345 1593 458 1648 criticis.

217 1689 277 1748 §2
308 1681 417 1737 Codicis
436 1685 569 1737 accurata
588 1682 741 1752 descriptio
771 1725 1068 1751 ........
1091 1682 1130 1734 IX

308 1771 349 1824 De
368 1771 498 1826 Palatino
517 1774 546 1826 et
563 1771 703 1825 Miudensi
721 1803 754 1812 —
773 1771 816 1824 De
835 1771 1001 1825 correcturis
1117 1823 1121 1832 ,

309 1893 342 1901 -
363 1859 595 1930 Orthographica.

218 1957 276 2015 §3-
305 1950 348 2003 De
371 1950 476 2004 codicis
500 1950 681 2004 distinctione
705 1966 738 2004 ac
757 1950 793 2003 dc
812 1949 1001 2004 clausularum

308 2039 494 2108 dispositione
548 2080 1066 2104 .............
1091 2037 1154 2092 XIV

218 2135 277 2193 §Is
305 2128 348 2182 De
365 2130 463 2182 nostra
481 2128 675 2199 dIstIngucndi
692 2129 803 2182 ratione
857 2171 1066 2196 ......
1089 2127 1153 2180 XXI

218 2227 232 2282 ξ
250 2223 275 2271 t.
305 2217 346 2271 Dc
365 2217 498 2272 clausulis
518 2217 695 2272 Firmicianis
728 2259 1069 2285 .........
1093 2217 1183 2270 XXIII

302 2306 349 2361 De
363 2305 552 2360 clausularum
566 2307 663 2361 formis
677 2338 711 2348 -
726 2307 896 2361 Prosodiaca
910 2339 945 2346 —
959 2307 1000 2360 De

308 2395 498 2449 clausularum
516 2395 727 2450 efficiendarum
746 2395 885 2450 'artificiis

219 2490 233 2548 ξ
254 2490 278 2538 6.
306 2484 348 2539 De
366 2485 444 2539 novis
458 2484 627 2539 lectionibus
642 2485 733 2554 deque
747 2485 817 2539 locis
832 2486 1001 2554 quibusdam

308 2572 471 2628 difficilibus
499 2575 677 2642 quaestiones
706 2572 822 2628 criticae
851 2576 879 2627 et
902 2573 1001 2644 exege-

307 2663 381 2739 ticae
414 2705 1066 2730 ................
1090 2663 1180 2716 XXXI

219 2756 278 2816 57.
306 2746 347 2806 De
365 2755 461 2806 nostra
480 2752 581 2806 edendi
601 2756 629 2805 et
647 2752 811 2806 recensendi
830 2752 939 2807 ratione
993 2795 997 2805 .
1050 2795 1066 2821 „
1090 2752 1177 2806 XLIV

186 2839 308 2896 Tcxtus
324 2883 1066 2909 ..................
1092 2848 1178 2897 1-83

186 2928 318 2984 Indices
370 2971 1067 2998 .................
1073 2935 1197 2985 84-120

187 3017 348 3073 Addenda
365 3021 399 3074 ct
417 3020 622 3089 corrigenda
681 3061 1066 3086 ..........
1118 3033 1120 3036 ·
1146 3026 1198 3074 120
