3100 4359
278 382 317 436 VI
685 377 889 435 PRAEFATIO

276 551 387 610 multos
411 551 508 610 Flacii
529 568 642 610 errores
664 552 696 609 in
719 550 807 624 notis,
830 549 929 624 plures
951 549 1061 607 tacitus
1083 549 1116 605 in
1138 549 1223 606 textu
1245 548 1291 606 ita
1417 535 1418 542 ἵ

278 640 413 714 correxit,
444 644 479 698 ut
510 641 578 716 plus
610 639 698 698 semel
730 639 826 697 Flacii
858 636 992 697 sordibus
1026 636 1148 696 detersis
1180 636 1290 696 codicis

277 729 369 809 verba
390 728 551 788 divinando
575 728 750 801 restituerit,
772 745 826 786 nec
846 726 952 802 rarius,
975 725 1026 785 ubi
1049 719 1158 784 codicis
1182 726 1291 786 menda
1417 779 1418 786 ,

277 818 396 878 Flacius
420 819 573 894 expressit,
597 819 776 877 certissimas
800 815 1019 876 emendationes
1041 815 1164 874 invenit.
1196 815 1291 873 Addi-

276 910 326 966 tae
349 909 419 966 sunt
441 907 554 966 multae
577 926 672 982 neque
694 905 817 965 inutiles
840 907 929 964 notae
953 908 982 962 et
1005 904 1151 978 Iosephi
1174 903 1290 963 Scali-

277 996 353 1074 geri
377 996 514 1072 epistula,
537 997 622 1055 ouius
640 997 760 1073 ingenio
780 994 838 1054 loci
857 993 979 1073 quidam
1001 993 1112 1069 optime
1138 995 1246 1052 sanant
1285 1041 1290 1053 .

276 1085 374 1144 Multo
401 1085 497 1162 igitur
523 1086 640 1144 maiora
661 1083 792 1143 Woweri
818 1085 851 1141 in
873 1081 1034 1142 Firmicum
1060 1082 1176 1159 merita,
1201 1101 1292 1158 quam

277 1193 312 1233 ex
338 1176 441 1233 nostra
469 1174 598 1233 editione
626 1173 664 1232 ad
691 1174 822 1233 codicem
849 1190 950 1231 rursus
978 1189 1123 1231 emersum
1152 1174 1291 1232 docmate

276 1263 422 1323 recensita
449 1266 589 1339 apparot,
617 1262 697 1338 quod
721 1262 788 1321 ideo
812 1261 981 1335 tenendum,
1004 1281 1040 1319 nc
1063 1262 1128 1320 iuro
1151 1259 1292 1320 videatur

275 1354 388 1415 veritus
412 1371 483 1431 esse,
506 1371 543 1412 ne
566 1347 722 1412 ‘maiorem
743 1350 866 1410 indubie
889 1350 1021 1414 laborem
1049 1368 1138 1425 quam
1158 1343 1290 1418 laudem'

275 1443 310 1502 in
332 1441 460 1502 Firmim
484 1440 667 1501 emendando
688 1440 845 1500 inveniret.

277 1567 280 1570 -
365 1530 496 1592 Woweri
519 1549 608 1606 opera
631 1529 825 1592 fimdamento
848 1529 896 1588 usi
918 1531 988 1587 sunt
1010 1528 1142 1604 perduc
1162 1529 1291 1602 saccula,

276 1620 329 1695 qui
351 1622 420 1695 post
442 1639 511 1680 oum
528 1619 650 1681 I'irmici
667 1618 803 1680 libellum
821 1617 985 1678 ediderunt.
1019 1617 1201 1677 Adiaoenmt
1219 1635 1290 1680 sane

226 1775 229 1780 ,
276 1709 376 1784 plnres
399 1709 615 1783 adnotationes,
642 1707 753 1784 quibus
780 1726 827 1768 res
850 1706 1069 1784 mythologicae
1095 1725 1230 1782 quaeque
1254 1706 1291 1766 de

276 1798 426 1874 mysteriis
449 1798 595 1858 Firminus
621 1797 716 1857 tradit
742 1797 973 1871 illustrarentur,
1000 1795 1074 1870 ipsis
1098 1815 1168 1854 vero
1191 1795 1290 1856 verbis

276 1905 362 1947 nomo
386 1906 507 1961 oporam
529 1886 620 1959 dedit,
643 1888 702 1948 nisi
721 1885 801 1962 quod
823 1886 847 1945 Ι.
865 1885 917 1944 Fr.
938 1883 1138 1948 Gronovius
1163 1884 1199 1943 de
1216 1885 1290 1946 locis

277 1975 455 2050 quibusdam
478 1977 541 2053 egit
563 1970 595 2033 in
613 1975 783 2035 monobiblo
803 1974 1027 2036 observatorum
1044 1973 1076 2034 in
1097 1973 1291 2049 scriptoribus

276 2065 493 2139 ecclesiasticis,
511 2064 693 2125 Darentriae
714 2065 798 2124 1651
824 2055 862 2145 (o.
882 2065 911 2137 9,
933 2084 963 2140 p.
983 2055 1138 2144 92-98).
1171 2063 1291 2122 'Ialium

276 2152 440 2213 editionum
481 2154 588 2214 scriem
629 2154 810 2228 descriptam
850 2152 940 2213 habes
982 2151 1062 2228 apud
1102 2152 1290 2216 Muenterum

276 2263 304 2317 p.
327 2243 435 2317 XXIX,
465 2243 545 2303 unde
577 2242 709 2319 capitum
741 2241 916 2304 divisionem
947 2241 979 2298 in
1010 2240 1140 2300 editione
1173 2239 1290 2300 Ober-

276 2332 470 2392 thueriana
484 2324 687 2413 (Wirceburgi
702 2323 803 2413 1783)
816 2332 914 2406 prima
931 2348 994 2394 esso
1012 2331 1184 2390 institutam
1204 2329 1290 2390 disci·

276 2415 379 2503 mus.¹)
415 2421 624 2499 Paragraphos
646 2420 784 2481 Halmius
808 2414 932 2480 addidit

365 2509 572 2571 Fridericus
596 2510 770 2583 Muenter,
793 2511 948 2585 episcopus
966 2507 1133 2582 selandiae,
1152 2507 1291 2568 Hauniae

276 2597 510 2659 MDOOOXXVI
537 2599 659 2660 Firmici
689 2598 825 2660 libellum
857 2597 950 2657 edidit
980 2598 1160 2656 instructum
1191 2616 1291 2658 rerum

276 2687 493 2764 verborumque
525 2689 738 2749 commentario
769 2687 1003 2762 locupletissimo
1034 2688 1064 2745 et
1094 2687 1291 2762 praefatione,

276 2796 337 2852 qua
368 2777 448 2836 Iani
479 2776 669 2838 Michaelis
705 2775 848 2836 Hertaii
880 2776 960 2836 nisus
993 2775 1200 2836 dissertatione
1234 2771 1291 2836 ‘Do

275 2865 354 2926 Iulio
385 2866 515 2927 Iirmioo
546 2866 683 2927 Materno
715 2867 837 2941 eiusque
868 2864 1003 2942 inprimis
1034 2864 1070 2924 ds
1098 2882 1196 2924 errore
1222 2883 1292 2942 pro·

276 2955 414 3012 fanorum
440 2955 620 3032 religionum
646 2948 771 3028 libollo',
798 2954 934 3014 Hauniae
959 2955 1054 3029 1817,
1076 2953 1113 3012 de
1137 2953 1291 3029 scriptoris

276 3043 398 3104 nomine
426 3046 525 3105 aetate
552 3034 618 3103 rita
644 3062 679 3104 ac
705 3043 741 3103 de
769 3044 873 3119 scripti
899 3042 1032 3103 fontibus
1060 3042 1175 3120 origine
1202 3061 1291 3120 argu-

276 3134 376 3194 mento
396 3134 508 3209 optime
525 3133 699 3211 plerumque
717 3132 845 3192 dissert
882 3131 964 3201 Quae
983 3131 1084 3192 omnia
1105 3131 1144 3192 ad
1167 3131 1291 3192 verbum

277 3240 415 3297 expressa
438 3223 563 3284 suntin
585 3222 775 3298 Patrologiae
799 3221 952 3284 Parisinac
975 3239 1065 3296 quam
1087 3219 1188 3297 Migno
1212 3238 1290 3282 com·

275 3313 379 3387 posuit
399 3314 482 3371 tomo
504 3310 564 3372 XII
585 3302 712 3391 (1845).

367 3399 475 3462 Semta
493 3404 538 3460 cst
556 3399 703 3460 Muenteri
720 3418 807 3460 curas
826 3398 1010 3462 Francisei
1029 3397 1175 3460 Oehleri
1198 3398 1291 3459 editio

368 3626 393 3694 1)
411 3623 491 3678 Hanc
510 3623 676 3678 divisionem
694 3623 793 3678 leviter
811 3623 930 3676 mutavit
944 3620 1087 3690 Oohlerus,
1102 3621 1151 3691 qui
1169 3622 1291 3691 pristina
1417 3621 1418 3682 ᾗ

277 3695 372 3765 capita
390 3696 429 3748 Xl
447 3699 476 3749 ct
494 3695 545 3749 XII
561 3696 592 3750 in
610 3713 697 3748 unum
716 3695 863 3748 contraxit.
891 3692 1040 3748 Oohlorum
1058 3709 1109 3746 nos
1127 3695 1201 3762 (curn
1220 3693 1291 3746 Bur-

278 3766 356 3821 siano
376 3770 405 3821 et
422 3766 545 3836 Halmio)
564 3767 653 3820 secuti
672 3783 774 3820 sumus.
1077 3816 1078 3821 ,
