3100 4359
336 364 427 432 ''xun
757 379 964 434 PannsAno

354 547 478 606 tandum
503 551 581 621 erat,
609 565 644 606 ao
671 551 750 608 recte
774 548 847 622 quin
870 567 948 606 nuno
976 547 1212 623 suppleverimus
1235 548 1359 622 exhibita,

355 639 405 695 vix
423 636 604 709 dubitamus,
628 638 711 696 cuius
731 639 812 697 vocis
836 637 954 696 litterae
977 637 1198 696 accuratissime
1221 637 1359 712 quadrant

354 730 385 785 et
408 727 440 783 in
463 727 593 802 spatium
618 728 648 785 et
670 726 703 784 in
720 725 849 804 vestigia
874 724 981 784 veteris
1004 717 1211 807 scripturas),
1234 742 1358 801 quaeque

355 817 520 875 sententiae
556 815 713 891 aptissima
745 817 804 874 est:
846 806 1011 894 (Christus)
1048 817 1177 888 eorporis
1215 819 1241 873 et
1276 815 1359 874 antini

354 905 552 963 diversitatem
574 905 700 963 enlidita
726 905 942 963 immortalitate
965 904 1116 963 consociat.
1154 903 1212 963 Res
1236 906 1317 962 cesta
1332 901 1358 959 fit

355 993 474 1053 collatis
502 992 619 1053 duobus
641 992 808 1052 Matheseos
835 994 917 1052 locis.
963 992 999 1050 In
1017 1011 1053 1051 ea
1075 994 1154 1051 enim
1178 993 1301 1052 verbum
1322 1010 1358 1050 ee·

354 1083 458 1155 didere,
482 1081 563 1158 quod
584 1083 617 1139 in
640 1081 716 1141 libro
740 1081 777 1140 de
800 1100 897 1140 errore
920 1101 980 1140 non
1003 1083 1112 1154 exstat,
1141 1083 1274 1156 quinque
1297 1080 1359 1140 locis

354 1173 514 1231 invenitur.
552 1170 684 1240 Quorum
701 1181 762 1230 tres
781 1171 903 1230 minoris
918 1172 988 1230 sunt
1002 1172 1158 1229 momenti:
1172 1170 1274 1228 LVIIv
1286 1170 1358 1229 1129

354 1262 457 1320 amicis
475 1261 568 1332 fidam
581 1262 728 1319 amicitiae
744 1261 983 1320 necessitudinem
1002 1260 1142 1318 colidens.
1180 1259 1265 1318 ΒΧΓ
1282 1259 1359 1318 1123

355 1350 526 1409 eclilelnnt
541 1351 667 1423 intrares
685 1350 851 1423 ooninaales
869 1351 996 1422 affectas.
1033 1347 1148 1406 LXHP
1159 1348 1192 1407 H
1208 1350 1247 1407 11
1269 1349 1361 1409 amieis

355 1440 515 1498 ealiilentes
532 1455 661 1497 amorem
679 1436 737 1518 (sic
754 1438 824 1511 AD3
847 1440 983 1497 honorem
1001 1437 1030 1495 N
1052 1441 1082 1496 et
1104 1438 1195 1498 Marc.
1215 1437 1260 1496 VI
1285 1428 1361 1516 156).

357 1527 415 1587 Sed
447 1527 540 1586 Math.
571 1528 647 1600 195,
672 1529 711 1586 21
746 1529 781 1584 nt
817 1546 852 1586 eo
889 1527 924 1586 de
963 1545 1021 1602 quo
1058 1528 1174 1602 agimus
1211 1527 1278 1588 loeo
1314 1544 1361 1586 vox

355 1618 511 1676 neumas
537 1615 637 1675 vicina
669 1615 759 1675 verbo
788 1617 917 1675 cedidere
949 1617 1084 1692 ponitur:
1168 1616 1365 1675 laborantilet

355 1707 520 1764 hominideas
555 1722 591 1764 ac
628 1707 715 1763 naria
750 1723 850 1766 reram
886 1706 1052 1764 diversitate
1091 1704 1222 1764 sollicitis
1259 1721 1363 1778 pamm

356 1813 392 1854 ac
422 1795 507 1866 fidele
530 1797 731 1868 patrocinium
762 1795 939 1867 defensionis
971 1795 1093 1853 enlibni.
1140 1793 1276 1869 Utroque
1307 1794 1362 1852 loco

356 1884 508 1943 malitiosa
544 1884 699 1942 diuersitas
735 1883 851 1942 deletur
887 1885 1011 1942 eclibita
1047 1883 1150 1959 aliqua
1186 1903 1226 1942 re.
1285 1881 1362 1942 simi-

356 1973 426 2031 liter
466 1974 573 2031 miram
613 1972 702 2048 plane
745 1966 997 2048 ‘disparatamm'
1034 1972 1189 2030 notionum
1228 1967 1363 2031 ‘associa-

356 2061 468 2121 tionem
497 2056 750 2139 psychologioam'
777 2056 825 2143 (ut
855 2063 964 2122 nostris
993 2060 1129 2120 terminis
1159 2054 1295 2142 utamur)
1323 2059 1363 2119 de·

356 2150 565 2226 prehendimus
592 2151 685 2209 Math.
711 2152 784 2225 253,
810 2154 849 2210 16
880 2154 910 2209 et
940 2170 973 2210 eo
1003 2151 1038 2210 de
1072 2169 1131 2225 quo
1162 2151 1265 2227 agitur
1293 2151 1364 2209 loco:

357 2242 484 2314 utroque
514 2239 594 2298 enim
622 2238 752 2298 finitima
775 2242 820 2298 est
843 2239 932 2298 verbo
956 2241 1085 2298 cedidere
1109 2241 1260 2298 structma
1285 2257 1364 2315 quae·

356 2329 425 2387 dam
455 2347 564 2388 vocum
592 2331 669 2387 aines
699 2331 729 2386 et
757 2329 895 2404 colligente.
940 2328 1033 2387 Math.
1058 2329 1132 2402 253,
1158 2328 1212 2386 16:
1228 2374 1234 2386 .
1251 2375 1256 2385 .
1274 2375 1281 2386 .
1297 2328 1365 2388 eali·

1376 225 1394 622 l

356 2419 452 2477 lentes
468 2418 554 2490 fidele
575 2420 784 2477 commercium.
820 2418 920 2476 Erant
937 2435 1008 2476 sane
1025 2420 1058 2476 in
1081 2418 1160 2476 mimi
1181 2419 1365 2490 nepotiatione
1399 2433 1400 2450 ³

356 2508 472 2566 solliciti
495 2500 546 2587 (of.
569 2523 660 2582 supra
683 2506 774 2566 Math.
797 2508 869 2582 195,
889 2499 957 2586 211)
977 2507 1061 2566 alites
1080 2511 1107 2565 et
1123 2507 1174 2579 qni
1192 2508 1366 2566 substantiae

357 2597 511 2668 facultates
533 2598 596 2654 sais
617 2596 730 2654 viridas
753 2596 895 2669 colliaant.
942 2595 987 2654 De
1009 2614 1065 2654 err.
1088 2595 1142 2653 XX
1163 2597 1180 2653 6
1206 2585 1366 2675 (Christus)

356 2687 461 2745 veteris
490 2690 515 2744 et
544 2687 613 2743 noni
645 2687 805 2743 testamenti
835 2688 868 2744 in
899 2703 992 2743 nnmm
1016 2685 1122 2758 collinit
1144 2686 1229 2752 eires,
1254 2689 1308 2744 ant
1322 2728 1328 2742 .
1343 2728 1366 2739 ..

357 2776 552 2834 diversitatem
575 2774 699 2832 exhibita
715 2819 721 2831 .
737 2818 743 2831 .
760 2820 765 2831 .
782 2766 823 2854 (v.
847 2765 960 2854 supra),
1006 2772 1091 2831 Unde
1114 2777 1252 2849 apertum
1276 2777 1322 2834 est
1343 2774 1367 2829 el

357 2864 496 2923 cohibita
515 2866 545 2922 et
572 2865 649 2922 eires
686 2858 771 2942 (nam
804 2865 891 2922 antea
927 2863 1082 2939 legebatur
1110 2866 1221 2935 pentes,
1253 2881 1283 2922 v.
1307 2863 1326 2920 l.
1348 2879 1367 2919 o.

357 2973 386 3028 p.
411 2945 490 3033 293)
514 2955 592 3011 recte
616 2970 634 3009 a
657 2951 742 3010 nobis
764 2951 953 3010 emendatum
976 2970 1047 3011 esse.
1093 2950 1235 3010 Eiusdem
1257 2949 1368 3028 periodi

357 3041 447 3100 finem
477 3044 512 3099 ut
543 3043 622 3099 reete
655 3040 890 3118 emendaremus,
921 3058 1038 3099 rursum
1070 3040 1235 3099 maiuscula
1267 3040 1368 3112 effecit,

359 3148 419 3205 qua
450 3129 588 3204 periodus
621 3147 745 3204 sequens
784 3130 842 3189 Uos
878 3147 956 3188 nano
989 3129 1161 3189 Constanti.
1178 3175 1184 3186 .
1200 3131 1367 3206 ‚incipitur

358 3217 425 3286 Qua
453 3217 592 3276 voculam
622 3218 848 3293 praecedentem
877 3219 965 3295 plane
989 3216 1178 3277 obscuratam
1202 3219 1233 3276 et
1255 3217 1368 3277 macula

358 3309 529 3383 spurcatam
547 3325 607 3366 non
625 3307 718 3367 tuisse
737 3311 769 3365 al
785 3308 835 3366 vel
852 3308 913 3366 tale
932 3307 1004 3383 quid
1027 3307 1180 3383 probatur,
1203 3307 1283 3382 quod
1303 3307 1368 3368 olim

360 3420 408 3427 -..

449 3480 475 3546 1)
494 3476 598 3531 Scribit
615 3493 683 3531 sane
702 3475 859 3530 Hnelsenus
879 3477 913 3530 de
932 3476 1078 3531 hocloco:
1104 3476 1240 3531 ‘annotata
1264 3475 1369 3531 coheinl

358 3549 413 3602 mir
434 3548 564 3602 ziemlich
587 3548 725 3614 deutlich3
747 3566 776 3614 x,
795 3567 811 3604 o
829 3548 887 3601 und
907 3551 917 3602 l
939 3548 1004 3602 sind
1027 3564 1098 3619 genn
1123 3547 1226 3613 sichem
1253 3549 1368 3602 ealibc'tc

358 3620 543 3691 unmdglioh'‚
561 3635 613 3673 neo
631 3620 793 3690 negandum
811 3637 844 3674 en
862 3622 970 3675 conlata
989 3618 1085 3688 aliquo
1103 3618 1187 3673 modo
1206 3619 1274 3672 ferri
1292 3632 1368 3688 posse

360 3693 405 3761 (ec
421 3693 521 3747 collata
539 3690 595 3744 iam
615 3691 754 3760 Bursian).
792 3691 830 3744 At
849 3693 1014 3759 argumenta
1038 3707 1122 3760 supra
1141 3689 1230 3744 allata
1249 3691 1368 3744 evincere

358 3761 439 3817 nobis
458 3761 588 3815 videntur
606 3763 730 3817 eallidita
748 3777 842 3815 veram
861 3778 921 3814 esse
939 3762 1095 3816 lectionem.
