3100 4359
404 361 453 415 DE
472 360 620 416 ERRORE
637 360 741 416 PROE.
755 360 834 415 REL.
855 360 931 416 cAP.
945 361 1049 415 XXVII
1189 362 1228 425 71

215 538 301 589 turus
333 530 405 591 deus
437 548 568 589 summus
603 549 638 587 ex
669 528 889 607 Aegyptiorum
919 530 1079 606 tyrannide
1115 530 1230 606 plebem

215 638 302 679 suam
324 620 450 681 arietem
471 623 558 681 nocte
581 620 669 679 iussit
691 619 802 693 occidi,
825 623 857 679 et
879 622 1023 697 sangiune
1046 619 1108 678 eius
1131 612 1232 695 postes

215 710 299 767 liniri
330 709 488 785 praecepit.
539 708 642 784 Ipsum
674 728 693 767 a
724 712 806 767 certo
837 728 961 767 numero
993 710 1146 767 hominum
1178 727 1232 783 per

213 801 377 857 noeturnae
407 799 510 873 epulas
539 797 643 857 confici
672 798 767 871 iubet,
796 801 826 857 et
848 798 993 858 sacrificio
1019 798 1077 873 ipsi
1101 796 1233 856 Paschae

188 906 324 948 enomen
350 887 476 963 inponit.
524 886 582 946 Sed
610 888 667 947 hoc
693 886 732 945 ad
754 889 917 965 imaginem
939 887 1109 946 futurorum
1131 888 1231 963 provi·

213 974 320 1034 dentie‘
352 976 471 1036 divium
501 976 669 1036 maiestatis
701 978 829 1049 invenit,
862 980 897 1034 ut
925 996 980 1051 per
1011 977 1098 1053 signa
1128 994 1230 1034 verum

213 1065 332 1125 Pascha
358 1065 445 1124 nobis
472 1066 648 1126 ostenderet.
694 1065 765 1124 Ideo
794 1084 861 1124 eum
889 1065 925 1123 de
951 1068 1089 1141 passione
1118 1064 1232 1124 domini

212 1154 312 1214 nostri
341 1154 443 1214 divino
471 1154 580 1231 spiritu
601 1154 721 1213 iubente
750 1155 898 1231 propheta
933 1158 1137 1229 praecaneret,
1175 1154 1229 1212 ait:

215 1240 338 1302 ‘Siout
357 1245 434 1303 ovis
453 1244 497 1301 ad
514 1244 699 1303 victimam
717 1244 846 1303 ductus
867 1247 934 1319 est,
953 1246 988 1302 et
1007 1246 1100 1302 sicut
1119 1260 1231 1320 agnus

175 1351 336 1392 rocoram
363 1334 535 1393 tondente
563 1352 612 1407 se,
640 1333 691 1405 sic
716 1353 786 1393 non
809 1334 955 1410 aperuit
978 1352 1014 1393 os
1038 1352 1145 1391 suum.
1191 1332 1232 1390 In

212 1422 427 1481 humilitate
460 1422 634 1480 iudicium
670 1422 745 1482 eius
778 1423 959 1483 sublatum
992 1426 1059 1483 ert:
1096 1421 1231 1481 nativi-

212 1517 329 1569 tatem
362 1513 438 1570 eius
471 1514 551 1588 quis
583 1512 790 1573 enarravit?
840 1512 1013 1582 Quoniam
1045 1513 1233 1570 auferetur

213 1619 233 1658 a
255 1604 362 1659 terra
383 1600 461 1659 vite
484 1594 586 1661 eius'
631 1600 721 1664 Alius
748 1602 840 1661 etiam
863 1603 1009 1679 propheta
1031 1602 1105 1661 haec
1128 1600 1232 1660 eadem
1251 1606 1267 1653 6

212 1688 308 1748 simili
340 1690 494 1765 respondit
521 1690 654 1749 oraculo:
685 1686 848 1750 ‘Domine
877 1692 1055 1769 significa
1082 1690 1170 1749 mihi
1197 1693 1233 1747 et

171 1796 442 1856 recognoscam
475 1781 562 1836 tunc
593 1778 671 1837 vidi
701 1780 959 1840 meditationes
984 1800 1110 1839 eorum.
1156 1779 1304 1855 Ego(122)

213 1869 313 1927 sicut
340 1886 453 1943 agnus
477 1868 552 1927 sine
575 1869 721 1927 malitia
742 1869 938 1945 perductus
962 1888 1035 1929 sum
1060 1869 1101 1927 ad
1124 1868 1232 1927 victi-

212 1976 314 2015 mam.
346 1955 387 2014 In
409 1976 461 2016 me
479 1960 737 2036 cogitaverunt
754 1960 956 2035 cogitatum
976 1959 1151 2018 dieentes:
1172 1976 1232 2016 ne·

211 2048 293 2105 nite
317 2048 504 2105 mittamus
534 2047 671 2124 lignum
696 2047 732 2104 in
757 2066 847 2123 pane
875 2050 951 2107 eius
981 2051 1016 2107 et
1045 2048 1232 2107 eradamus

214 2155 236 2194 a
257 2139 357 2195 terra
380 2137 493 2194 vitam
517 2131 613 2195 eius’
652 2136 772 2214 Agnmn
796 2141 896 2197 autem
915 2137 1061 2213 appellari
1079 2136 1267 2195 dominuml

170 2244 198 2283 eo
213 2228 353 2284 nostrum
384 2229 488 2284 sancta
519 2225 605 2284 nobis
636 2225 820 2284 revelatione
852 2230 1043 2286 monstratur.
1089 2226 1125 2284 In
1153 2226 1231 2302 Apo·
1281 2276 1284 2285 ,

213 2314 333 2389 eclypsi
353 2309 357 2391 l
378 2316 457 2372 enim
484 2316 530 2373 ita
555 2316 722 2373 invenimus
751 2333 815 2373 esse
837 2317 1048 2391 perscriptum:
1073 2309 1134 2374 ‘Et
1156 2315 1232 2373 vidi
1244 2328 1323 2378 socae

214 2405 252 2461 in
276 2403 391 2461 medio
415 2403 538 2462 throni
561 2407 596 2462 et
619 2407 794 2479 quattuor
818 2404 1028 2463 animalium
1053 2406 1144 2462 etin
1163 2423 1232 2462 me·

214 2493 276 2551 dio
304 2494 485 2551 seniorum
513 2512 642 2570 agnum
670 2496 826 2553 stantem
855 2495 960 2570 quasi
987 2493 1142 2552 occisum
1171 2494 1233 2551 ha·

213 2582 359 2641 beutem
382 2600 514 2642 cornua
536 2585 671 2658 septem
696 2585 730 2641 et
753 2583 875 2642 oculos
899 2587 1048 2659 septem,
1070 2582 1233 2657 quisunt

170 2690 199 2729 sc
215 2673 353 2747 septem
384 2671 537 2747 spiritus
568 2672 626 2729 dei
656 2673 757 2731 missi
787 2691 848 2748 per
872 2672 990 2732 orbem
1013 2673 1141 2729 terrae.
1187 2672 1234 2729 Et

213 2763 319 2820 veuit
350 2764 385 2820 et
417 2762 558 2836 accepit
589 2760 720 2819 librum
751 2762 792 2821 de
825 2762 972 2820 dextera
1004 2760 1163 2819 sedentis
1196 2761 1233 2819 iu

214 2851 362 2923 throno,
392 2852 427 2907 et
456 2867 532 2908 cum
562 2851 764 2925 accepisset
793 2850 924 2908 librum
955 2842 1127 2927 quattuor
1157 2850 1233 2908 ani-

214 2938 328 2997 malia
351 2940 388 2997 et
409 2939 545 3016 viginti
570 2942 743 3014 quattuor
766 2942 927 2998 seniores
954 2942 1234 3014 prostraverunt

215 3048 253 3088 se
277 3030 360 3087 aute
384 3046 527 3105 agnum,
555 3028 729 3087 habentes
752 3030 889 3106 singuli
913 3046 1041 3087 aureas
1065 3029 1233 3103 cytharas

308 3215 325 3269 9
344 3216 399 3270 Jee.
415 3219 460 3283 53,
471 3221 534 3286 ch.
608 3214 647 3270 14
664 3217 721 3271 Jcr.
738 3221 781 3283 11,
792 3220 874 3285 resq.
939 3214 975 3270 21
995 3218 1081 3284 Apoc.
1097 3220 1123 3281 5,
1134 3221 1232 3272 6—10.

308 3394 326 3447 d
344 3374 441 3462 pddpit
455 3396 487 3448 P.
556 3394 672 3465 teigne
685 3411 753 3449 corr.
764 3413 799 3449 ea
812 3395 896 3466 signd
911 3396 938 3448 P
949 3399 1018 3460 (coa
1035 3412 1070 3448 m.
1086 3398 1151 3449 2ut
1165 3394 1235 3450 dicit

216 3467 288 3532 Ha).
344 3464 390 3520 dd.
400 3481 430 3533 p.
446 3465 464 3518 8
482 3469 664 3533 praecaneret
681 3473 707 3521 et
724 3468 743 3518 o
762 3469 807 3521 est
821 3474 845 3521 et
863 3466 902 3520 10
917 3482 945 3519 se
959 3472 984 3519 et
999 3464 1034 3519 11
1051 3468 1095 3519 eet
1109 3466 1173 3520 add.

216 3537 255 3590 1⁰
268 3535 448 3591 tondenteP.
491 3543 556 3604 post
564 3554 593 3591 se
602 3555 690 3592 vocer»
700 3540 795 3592 mutue
806 3541 892 3593 deesse
901 3543 985 3606 putat
995 3538 1053 3591 Hc.
1101 3536 1137 3591 lu
1153 3552 1232 3590 enar·

215 3608 294 3661 rabit
311 3607 360 3661 Bc
370 3608 428 3661 Ha.
507 3608 544 3662 le
562 3624 635 3678 pane
655 3612 683 3665 P
699 3612 837 3664 murmur
853 3608 985 3664 madente
1004 3609 1049 3672 Sl,
1068 3626 1171 3677 panem
1185 3626 1231 3677 pr.

215 3679 255 3806 ἓ
273 3678 401 3805 :llllms
420 3680 478 3742 Ha,
507 3679 630 3733 citharas
649 3680 701 3753 <et
726 3679 863 3751 pateras>
883 3681 931 3733 Ba
954 3696 987 3733 ec
1007 3680 1121 3747 Graeco,
1144 3688 1173 3735 at
1196 3680 1232 3747 cf.
