3100 4359
334 398 376 462 32
511 467 517 480 ἱ
679 396 818 451 mernor
836 395 1005 451 nanneni

334 568 411 625 aeris
439 566 543 625 ardore
571 566 772 625 arescentibus
800 565 935 643 frugibus
963 565 1150 625 malitiosum
1176 564 1269 625 famis
1297 567 1341 623 in·
1389 536 1390 607 l

333 657 460 715 minoret
482 655 615 728 exitium,
643 655 783 733 religioso
812 656 1001 730 patriarchae
1033 656 1144 714 semine
1174 659 1341 731 procreatus

335 746 453 804 iuvenis
477 746 693 820 interpretatus
720 746 870 803 somnium
895 744 984 821 regis,
1011 747 1111 803 totum
1133 745 1274 820 quicquit
1297 743 1341 801 im·

333 835 464 893 minebat
488 833 626 893 ostendit.
668 833 777 908 Ioseph
799 836 864 893 erat
882 832 971 892 Iacob
989 833 1078 907 filius,
1101 834 1153 907 qui
1173 833 1211 891 ob
1234 832 1342 908 pudici-

334 925 410 981 tiam
432 925 462 981 in
491 941 638 982 carcerem
661 925 812 998 arreptus·
840 924 909 998 post
935 922 1213 999 interpretationem
1243 921 1368 981 somniis

225 1027 321 1079 saror
335 1012 393 1071 fuit
419 1013 570 1087 particeps
595 1013 690 1089 regni.
712 1003 715 1091 1
736 1012 814 1070 Nam
844 1014 956 1088 septem
987 1030 1132 1071 annorum
1160 1010 1295 1070 collectis
1321 1012 1344 1067 at

335 1102 461 1161 servatis
501 1100 647 1159 fructibus
686 1102 810 1160 alterius
849 1101 997 1175 septennii
1034 1102 1198 1178 egestatem
1230 1101 1344 1158 divinae

301 1209 317 1256 2
335 1192 444 1250 mentis
466 1190 656 1266 providentia
674 1191 835 1267 mitigavit.
872 1189 951 1247 Huic
973 1192 1048 1265 post
1064 1193 1192 1248 mortem
1206 1188 1344 1267 Aegyptii

335 1280 434 1357 patrio
458 1281 555 1358 gentis
578 1297 650 1338 suae
673 1279 813 1338 instituto
835 1278 949 1354 templa
971 1278 1115 1353 lecerunt,
1144 1281 1174 1337 et
1197 1281 1232 1337 ut
1255 1279 1344 1337 iustae

337 1368 567 1444 dispensationis
604 1368 734 1445 gratiam
770 1368 931 1443 posteritas
969 1368 1109 1442 disceret,
1140 1366 1259 1427 modius
1291 1385 1370 1442 quoru

337 1457 535 1517 esurientibus
566 1457 716 1515 frumenta
748 1457 901 1530 diviserat,
933 1458 1027 1532 capiti
1059 1458 1265 1533 superpositus
1297 1460 1343 1514 est.

338 1547 453 1605 Nomen
489 1549 579 1605 etiarn
616 1548 653 1604 ut
688 1547 819 1606 sanctius
852 1547 999 1604 coleretur
1034 1565 1069 1603 ex
1100 1548 1198 1622 primo
1231 1548 1345 1605 auctore

338 1638 455 1713 generis
484 1636 607 1711 accepit.
659 1636 738 1693 Nam
768 1636 841 1710 quia
871 1634 977 1693 Sarrae
1008 1653 1155 1711 pronepos
1177 1636 1286 1707 fuerat,
1314 1653 1344 1693 ex

338 1744 398 1801 qua
417 1724 618 1802 nonagenaria
631 1724 783 1783 Abraham
798 1722 986 1801 indulgentia
1001 1724 1048 1782 dei
1063 1728 1234 1800 susceperat
1247 1724 1345 1795 filium,

339 1814 458 1890 Serapis
483 1815 579 1872 dictus
603 1817 648 1872 est
671 1811 785 1872 Graeco
808 1830 954 1888 sermone,
981 1814 1037 1872 boc
1059 1816 1105 1872 est
1128 1811 1249 1893 Σάρρας
1272 1817 1344 1884 παῖς,
1355 1828 1372 1868 n

304 1903 390 1969 ased
413 1905 469 1962 hoc
490 1904 587 1961 invito
610 1902 718 1977 Ioseph
739 1903 832 1960 immo
854 1906 986 1962 mortuo:
1013 1921 1109 1977 neque
1133 1904 1213 1961 enim
1236 1902 1345 1961 adhoc

339 1993 455 2052 facinus
482 1990 640 2068 religiosus
668 1992 802 2050 animus·
818 1994 849 2049 et
874 1990 929 2050 deo
957 2010 1072 2051 summo
1101 1990 1217 2049 dicatus
1246 1990 1346 2051 adduci

339 2081 498 2159 potuisset,
535 2083 569 2139 ut
601 2082 709 2139 erroris
745 2080 910 2139 inlecebras
943 2098 978 2139 ox
1013 2081 1133 2139 nomine
1165 2098 1219 2139 suo
1252 2098 1344 2154 super·

340 2173 466 2230 stitiosis
493 2169 664 2229 hominibus
691 2169 755 2245 ipse
779 2169 946 2245 praeberet,
974 2171 1150 2245 praesertim
1173 2188 1241 2228 cum
1264 2170 1345 2229 sciret

340 2262 412 2319 haec
441 2278 504 2319 esse
533 2260 566 2317 in
595 2258 644 2317 dei
673 2260 870 2318 sacrosanctis
899 2258 1028 2335 legibus,
1058 2278 1094 2317 ne
1124 2259 1177 2333 qui
1198 2258 1374 2318 hominuma

339 2350 401 2409 tale
424 2349 549 2425 aliquit·
569 2351 623 2407 aut
646 2351 838 2407 veneraretur
862 2350 914 2407 aut
932 2348 1051 2407 coleret.
1087 2346 1145 2406 Hic
1167 2348 1198 2404 in
1214 2347 1344 2424 Aegypto

341 2439 457 2513 colitur,
480 2438 528 2496 hic
552 2436 702 2511 adoratur,
725 2437 814 2497 huius
838 2437 1029 2496 simulacrum
1047 2454 1240 2496 neocororum
1263 2435 1345 2495 turba

340 2527 479 2602 custodit,
509 2530 539 2586 et
562 2527 600 2584 ad
623 2528 797 2585 memoriam
821 2527 997 2585 vetustatis·
1022 2545 1122 2586 errans
1149 2526 1280 2602 populus
1306 2544 1345 2583 or·

279 2631 326 2681 (eo)
340 2617 438 2676 dinem
462 2635 614 2677 sacrorum
636 2618 669 2675 in
696 2616 838 2675 honorem
862 2616 1047 2692 integerrimi
1071 2634 1105 2674 ao
1128 2614 1346 2691 prudentissimi

340 2706 467 2766 hominis
509 2708 722 2765 constitutum·
749 2706 935 2764 contentiosa
976 2704 1121 2779 hodieque
1162 2702 1346 2763 animositate
1356 2718 1374 2757 a

430 2857 490 2912 lv.
501 2858 593 2925 praef.
697 2855 878 2925 2Religioso
898 2858 932 2922 P,
954 2856 1080 2927 religiosi
1094 2874 1140 2923 pr.
1213 2854 1347 2909 aiuvenn

339 2928 441 2997 Ioseph
454 2947 500 2997 pr.
591 2926 609 2981 4
629 2944 738 2981 erare*
749 2927 801 2981 cob
820 2929 848 2984 P
866 2929 962 2982 litteris
975 2934 1040 2997 post
1058 2942 1106 2981 era
1125 2928 1234 2981 reuocato
1253 2928 1347 2983 detdic.

340 3002 385 3055 De
401 3002 536 3055 renuntia
552 3018 577 3055 o.
592 3001 659 3055 ΕΜ
669 3002 734 3055 287,
808 2998 985 3053 bcercerem
1002 2998 1103 3052 missus
1121 3001 1234 3068 ereptus
1248 3016 1295 3067 pr.
1394 2977 1395 3057 l

341 3074 369 3126 d.
378 3091 408 3143 p.
424 3087 485 3126 erre
506 3073 552 3125 tue
570 3072 678 3126 videtur
696 3070 783 3126 deesoe
801 3072 832 3123 in
850 3071 883 3124 P.
992 3070 1102 3123 tiuste
1121 3071 1149 3123 P
1165 3076 1190 3124 et
1208 3088 1251 3141 rr,

342 3143 380 3197 10
394 3090 509 3196 discor}
522 3144 557 3209 P,
572 3143 590 3195 d
604 3158 693 3197 renco.
702 3160 744 3212 a,
804 3142 914 3199 u‘odius
929 3142 963 3207 P,
977 3158 1032 3209 quo
1047 3140 1130 3194 modo
1149 3142 1190 3195 vel
1203 3141 1298 3194 modio
1308 3157 1347 3209 pr.

343 3215 377 3268 ll
399 3214 501 3282 capitis
520 3215 554 3279 P,
572 3232 620 3268 em.
637 3214 687 3267 We
707 3214 768 3282 (qui
789 3214 884 3267 scribit
906 3213 993 3281 capiti
1015 3212 1062 3279 is),
1082 3210 1169 3280 capiti
1189 3211 1250 3265 eius
1269 3217 1349 3267 tentet
1394 3268 1395 3277 ,

343 3286 400 3340 He.
468 3283 695 3352 mapalium
714 3285 778 3337 add.
848 3284 885 3338 15
905 3284 1099 3339 (ΑΡΡΑΕΠΕί
1117 3286 1152 3349 P,
1171 3282 1350 3339 (ΑΡΙΟΠΟί
1394 3310 1395 3319 =

342 3358 465 3427 tepebant
482 3358 596 3411 BuHa.
661 3354 698 3409 16
716 3355 819 3408 inuitio
838 3356 872 3422 P,
891 3372 939 3409 em.
955 3356 1000 3409 Fl.
1064 3355 1098 3410 17
1119 3356 1144 3409 et.
1160 3361 1223 3409 aete
1242 3357 1271 3409 et
1290 3352 1348 3408 cdd.
1394 3352 1395 3367 ¹

342 3428 380 3482 20
399 3427 510 3495 legibus
528 3426 572 3480 Ne
591 3430 624 3481 P.
707 3426 744 3479 22
763 3430 903 3495 neogrorii
923 3430 951 3493 P,
969 3444 1017 3480 em.
1033 3427 1092 3480 We.
1169 3425 1207 3479 28
1228 3425 1254 3480 d.
1264 3444 1295 3495 p.
1310 3442 1349 3478 ve

341 3500 456 3554 tustatis
475 3500 539 3553 odd.
626 3497 664 3552 ab
683 3498 951 3565 apaustaulum
969 3499 1027 3552 odd

431 3642 657 3711 dotiaproef.
713 3639 1064 3709 dcfi40,6etud65‚7.
1120 3638 1349 3694 leotronam

347 3714 512 3769 LXXVH'
522 3714 605 3767 1134
622 3716 656 3767 ut
670 3713 739 3767 haec
759 3754 800 3765 ...
815 3712 965 3780 posteritas
984 3711 1158 3767 contentiosa
1177 3711 1350 3765 animositate

367 3786 492 3840 rrdiscat.
511 3787 545 3851 cf.
560 3783 685 3839 lefl
694 3789 738 3839 44.
