3100 4359
334 333 375 397 12
679 332 818 387 nmmos
834 332 1003 389 MATERNI

421 502 458 559 V.
480 501 588 561 Persae
617 505 648 559 et
676 501 760 578 Magi
790 520 892 561 omnes
916 503 968 577 qui
990 500 1128 561 Persicae
1150 501 1289 579 regionis
1312 504 1352 559 in-

332 590 435 651 colunt
452 590 533 663 fines,
552 590 651 669 ignem
669 592 851 666 praeferunt,
872 594 902 650 et
920 590 1056 650 omnibus
1077 590 1231 651 elementis
1251 592 1352 667 ignem

332 682 441 757 putant
471 679 575 738 debere
604 680 757 755 praeponi.
802 679 843 738 Hi
869 681 973 755 itaque
996 682 1097 759 ignem
1119 680 1252 739 induas
1280 679 1350 738 divi·

333 768 408 828 dunt
430 771 608 845 potestates,
639 772 779 827 naturam
811 771 874 828 eius
903 768 940 827 ad
963 770 1120 844 utriusque
1143 786 1229 829 sexus
1255 771 1350 827 trans·

331 857 474 931 ferentes,
504 860 535 916 et
563 859 623 917 viri
651 860 681 915 et
709 858 838 916 feminae
862 858 1021 917 simulacro
1043 859 1123 937 ignis
1146 858 1377 917 substantians

332 947 517 1023 deputantes.
563 947 604 1005 nt
632 947 788 1005 mulierem
819 946 940 1022 quidem
970 948 1100 1006 triformi
1122 947 1210 1005 vultu
1240 949 1349 1005 consti-

331 1039 430 1109 tuunt,
459 1037 634 1095 monstrosis
658 1054 725 1093 eam
747 1035 934 1111 serpentibus
957 1036 1127 1113 inligantes.
1174 1034 1264 1103 Quod
1288 1036 1349 1094 ideo

332 1126 449 1184 faciunt
475 1145 512 1183 ne
540 1125 578 1184 ab
606 1127 726 1184 auctore
753 1142 807 1183 suo
831 1124 950 1185 diabolo
974 1126 1076 1201 aliqua
1098 1126 1214 1183 ratione
1236 1124 1349 1185 dissen-

331 1216 424 1288 tiant,
454 1214 505 1274 sed
541 1216 576 1272 ut
612 1214 667 1273 dea
699 1232 754 1272 sua
781 1214 968 1289 serpentibus
1000 1215 1152 1290 pullulans
1167 1228 1174 1241 ·
1188 1215 1349 1273 maculosis

297 1319 313 1367 1
332 1302 445 1363 diaboli
461 1303 629 1381 insignibus
647 1303 816 1361 adornetur.
849 1304 956 1361 Virum
969 1323 1040 1363 vero
1055 1303 1225 1362 abactorem
1237 1302 1349 1361 bovum
1360 1326 1378 1364 u

333 1392 462 1452 colentes
490 1410 575 1451 sacra
602 1392 666 1452 eius
694 1392 732 1451 ad
754 1392 834 1470 ignis
857 1392 1043 1451 transferunt
1060 1394 1249 1468 potestatem,
1276 1394 1350 1451 sicut

332 1482 479 1558 propheta
501 1483 564 1540 eius
586 1480 713 1540 tradidit
735 1479 820 1540 nobis
844 1481 957 1540 dicens:

423 1569 535 1630 Μύστα
558 1570 738 1647 (loculenter
756 1565 924 1648 ῒσυνλέξιε
946 1569 1057 1648 πατρὸς
1080 1566 1204 1649 ἀγαυοῦ.

421 1660 509 1719 Hune
532 1660 674 1717 Mithram
704 1659 820 1734 dicunt,
851 1677 935 1719 sacra
965 1678 1035 1719 vero
1058 1660 1121 1717 eius
1144 1661 1177 1718 in
1200 1661 1349 1735 speluncis

334 1749 444 1810 abditis
468 1748 605 1822 tradunt,
635 1752 669 1806 ut
696 1767 813 1824 semper
842 1749 965 1807 obscuro
995 1748 1187 1807 tenebrarum
1211 1750 1378 1824 squalores

334 1838 472 1897 demersi·
491 1838 621 1915 gratiam
635 1836 785 1913 splendidi
799 1855 833 1896 ac
847 1839 944 1897 sereni
961 1838 1084 1896 luminis
1103 1839 1208 1896 vitent.
1239 1834 1349 1897 Overa

267 1939 314 1989 (es)
331 1926 463 1985 numinis
477 1928 671 1986 consecratio!
696 1923 721 1985 Ο
735 1926 908 1986 barbaricae
921 1926 997 2005 legis
1011 1927 1155 2003 fugienda
1170 1928 1348 1986 commenta!

332 2015 428 2075 Deum
453 2034 516 2075 esse
539 2015 634 2075 credis
657 2016 742 2074 ouius
765 2015 801 2074 de
824 2015 984 2075 sceleribus
1008 2016 1166 2075 confiteris.
1208 2017 1271 2076 Vos
1295 2020 1348 2076 ita·

334 2124 391 2181 que
415 2107 468 2180 qui
490 2105 589 2163 dicitis
612 2105 644 2162 in
666 2104 713 2163 his
734 2104 856 2180 templis
879 2105 936 2163 rite
954 2100 1061 2182 <sacra
1083 2101 1169 2183 fieri>
1192 2106 1348 2183 Magorum

332 2196 395 2253 ritu
418 2193 551 2269 Persico,
580 2212 632 2252 cur
661 2194 734 2252 haec
756 2193 915 2253 Persarum
945 2194 1009 2253 sola
1038 2192 1192 2253 laudatis?
1239 2194 1272 2253 Si
1294 2195 1377 2253 boen

333 2283 467 2342 Romano
499 2284 619 2342 nomine
642 2283 766 2360 dignum
793 2284 918 2357 putatis,
948 2287 983 2341 ut
1005 2282 1165 2343 Persarum
1188 2286 1292 2358 sacris,
1313 2288 1347 2341 ut

332 2371 492 2431 Persarum
514 2372 629 2450 legibus
652 2373 793 2431 serviatis
825 2390 841 2425 *
888 2390 904 2425 s
951 2390 968 2425 s
1015 2390 1031 2425 *
1078 2390 1094 2425 *
1141 2391 1158 2426 e
1206 2392 1222 2427 s
1270 2393 1286 2426 s
1332 2394 1347 2423 s

503 2489 624 2556 (Desunt
641 2490 712 2557 foleti
730 2489 785 2543 duo
804 2488 913 2555 codicis,
931 2505 955 2543 e.
966 2490 1057 2558 praefi
1068 2506 1098 2557 p.
1113 2489 1183 2556 IX.)

422 2650 440 2702 9
465 2651 541 2720 Verp.
556 2650 626 2704 Aen.
641 2650 768 2704 V11329
786 2650 830 2703 tot
848 2648 971 2717 pullulat
990 2650 1051 2703 atra
1071 2648 1201 2704 colubris.

423 2790 443 2845 4
461 2794 612 2860 utrumque
627 2806 721 2845 sexum
732 2794 782 2846 Ba
791 2792 841 2845 Ha
855 2808 917 2845 eom
930 2808 988 2845 non
1001 2794 1184 2863 intellegerent
1197 2794 1345 2862 genetivum

332 2863 479 2932 utriusque
498 2879 580 2917 sexus
595 2861 712 2931 pendere
730 2880 764 2917 ex
782 2879 844 2918 ooee
862 2864 992 2916 naturam
1010 2864 1164 2931 repetenda.
1243 2864 1262 2919 b
1281 2864 1306 2917 d.
1316 2878 1344 2929 p.

332 2935 533 2989 transferentes
552 2935 617 2990 odd.
683 2934 697 2987 7
718 2936 744 2987 d.
753 2952 784 3002 p.
800 2934 975 2987 constituunt
992 2936 1057 2989 add.
1121 2934 1140 2987 9
1158 2933 1301 3003 pollulnnt
1313 2935 1345 2998 P,

333 3024 382 3060 em.
397 3007 453 3073 Bo,
472 3008 507 3073 cf.
522 3011 619 3073 55,13.
710 3006 737 3059 d.
749 3023 778 3074 p.
793 3004 863 3074 pull.
878 3006 942 3059 odd.
1044 3006 1081 3060 10
1104 3005 1210 3059 bonum
1224 3007 1259 3072 P,
1277 3004 1344 3058 ande

333 3078 437 3131 bovum
451 3078 509 3142 Ha,
524 3084 555 3132 at
567 3078 602 3145 ef.
617 3081 662 3142 30,
671 3082 717 3131 20.
792 3076 829 3130 13
849 3078 1013 3132 (ΥΝΛΕΞΙΕ
1027 3078 1061 3143 Ρ,
1075 3095 1099 3132 o.
1110 3079 1202 3146 praef.
1216 3078 1238 3149 5
1253 3082 1277 3132 6.

334 3147 372 3202 14
385 3148 471 3201 mitra
484 3150 518 3203 P.
584 3148 621 3202 lo
639 3149 666 3202 d.
677 3165 706 3218 p.
722 3148 842 3201 demersi
857 3148 921 3202 odd.
982 3164 1048 3202 vera
1062 3150 1233 3203 cominente
1247 3150 1344 3203 diemo

332 3220 443 3273 minime
456 3221 634 3285 metandum
650 3219 695 3264 ‘=
710 3220 795 3273 iuda'
811 3221 857 3273 Kr
871 3221 902 3274 el.
915 3220 1211 3275 creatuturam.
1233 3218 1343 3291 Qrsiotd.

332 3292 353 3344 Ι
364 3295 389 3356 5,
403 3296 440 3344 18
459 3293 552 3359 (caeca
562 3291 613 3357 ΡΙ,
627 3290 690 3344 dira
701 3293 758 3356 Ba,
777 3306 906 3358 perversa
919 3293 959 3345 oet
972 3306 1045 3343 vana
1059 3291 1109 3344 Ha
1123 3292 1154 3345 el.
1165 3295 1212 3357 26,
1222 3296 1276 3360 21).

334 3362 369 3416 lt
385 3362 558 3428 barbaricae,
571 3381 596 3417 e.
608 3363 699 3431 praefi
713 3361 734 3432 ᾗ
748 3366 773 3415 6.
849 3362 885 3415 19
906 3361 1100 3435 (sacrificari)
1115 3362 1238 3429 addes,
1248 3363 1344 3435 <sacra

332 3433 393 3487 fieri
410 3433 489 3505 ritu>
500 3436 557 3501 Ba,
576 3450 655 3487 sacra
673 3432 734 3485 fieri
748 3432 793 3487 St.
867 3432 904 3486 23
923 3433 1061 3500 serviatis,
1075 3452 1099 3489 o.
1114 3434 1152 3487 Sle
1165 3440 1190 3489 et
1205 3436 1272 3491 ΒΜ
1282 3436 1344 3490 278.

423 3577 461 3630 lt
476 3578 566 3631 Mam
577 3573 794 3630 LXXVIII'I
805 3579 841 3630 33
855 3592 986 3643 pecorum
1002 3576 1157 3630 abactores.
1203 3576 1239 3631 lb
1256 3576 1343 3631 Maro.

427 3652 443 3683 ⁷
460 3646 638 3701 infelicitatis
653 3645 783 3714 squalore
798 3646 946 3713 demersos,
961 3648 995 3713 of.
1007 3645 1132 3701 LVIII⁶
1142 3649 1163 3702 I
1173 3653 1217 3702 19.
1237 3644 1344 3702 LXII'

454 3720 480 3773 'o
494 3722 538 3771 19.
613 3718 650 3771 16
669 3719 705 3784 of.
720 3721 794 3783 48‚3
812 3724 838 3771 et
856 3722 900 3784 61,
909 3722 954 3772 21.
