3100 4359
287 357 351 413 Vm
681 355 895 410 PRAEFATIO

288 527 368 604 quod
391 527 518 585 dicimus
536 524 773 585 Vindobonensia
798 543 875 584 anno
901 527 985 584 1867
1010 525 1130 602 prodiit.
1163 525 1304 586 Halmius
1417 531 1418 596 l

287 620 322 675 ut
354 618 485 675 ceterum
516 613 630 675 strenui
661 612 808 692 philologi
839 612 927 673 laude
958 613 1079 689 fruitur,
1110 616 1154 674 ita
1185 615 1217 673 in
1246 615 1305 674 hoc
1417 609 1418 624 *

288 705 410 782 quidem
439 703 584 781 scriptore
615 701 729 762 edendo
759 701 928 761 incredibili
959 703 1020 762 fere
1052 703 1240 782 neglegentia
1268 722 1305 764 ac
1417 725 1418 742 i

287 795 411 854 levitate
433 793 565 869 quadam
587 792 671 851 nullo
693 791 782 851 modo
805 793 973 851 excusanda
994 797 1148 870 grassatus
1172 797 1225 852 est.
1258 793 1305 852 llo
1417 807 1418 874 l

289 886 389 944 autem
408 882 535 942 maxime
552 881 767 957 vituperandus
786 883 840 956 est,
860 881 938 956 quod
953 899 1031 958 quae
1050 882 1088 940 ab
1106 882 1173 959 ipsa
1186 882 1306 941 librarii
1417 937 1418 940 ,

288 991 380 1032 manu
406 974 439 1030 in
466 970 566 1031 codice
594 968 706 1048 scripta
728 971 835 1044 essent,
860 988 935 1046 quae
963 970 1162 1047 evanuissent,
1186 990 1262 1048 quae
1286 990 1306 1030 a

287 1082 380 1121 manu
405 1063 569 1120 recentiore
595 1062 739 1119 renovata
766 1061 877 1134 essent,
907 1059 1028 1118 minime
1059 1062 1133 1120 satis
1164 1063 1305 1120 accurate

288 1150 483 1229 significarit,
510 1148 648 1226 quamvis
679 1148 747 1224 plus
775 1147 867 1207 semel
894 1148 1079 1225 polliceatur.
1126 1149 1184 1209 Sed
1212 1153 1306 1208 etiam

289 1241 427 1318 graviore
445 1257 537 1315 quam
555 1238 693 1297 Halmius
715 1234 943 1313 reprehensione
966 1237 1162 1298 Lorenzius
1186 1239 1306 1316 dignus,
1417 1277 1418 1300 t

288 1332 336 1389 uir
358 1329 396 1388 de
418 1327 527 1387 Plauto
557 1325 679 1403 quidem
704 1324 780 1385 bene
806 1326 939 1399 meritus,
961 1329 994 1386 in
1016 1327 1179 1388 Firmicum
1202 1331 1306 1388 autem

289 1420 376 1501 gravi
402 1419 591 1493 peccatorum
620 1434 707 1475 onere
735 1415 899 1491 depressus.
938 1415 995 1486 Qui
1023 1435 1092 1476 cum
1115 1417 1234 1494 aliquot
1257 1436 1305 1477 co·

289 1507 364 1567 dicis
386 1507 553 1583 scripturae
571 1524 591 1564 a
607 1505 755 1564 Bursianc
772 1523 833 1564 non
852 1504 925 1564 satis
943 1504 1094 1581 dispectae
1112 1505 1306 1566 Wilmannsii
1417 1553 1418 1564 ,

290 1615 381 1674 opera
412 1594 572 1672 pristinum
605 1593 792 1670 splendorem
824 1597 999 1653 consecutae
1031 1597 1137 1671 essent,
1167 1598 1306 1670 suscepto

289 1686 411 1764 negotio
434 1684 543 1744 codicis
564 1683 674 1742 iterum
697 1682 869 1743 conferendi
891 1702 967 1759 quae
995 1683 1121 1743 debebat
1147 1684 1221 1744 adeo
1244 1703 1306 1744 non

289 1773 452 1854 praestitit,
482 1776 517 1832 ut
545 1772 706 1850 pessimam
737 1771 870 1831 omnium
902 1791 965 1832 esse
997 1772 1112 1831 Halmii
1143 1773 1306 1834 editionem

289 1863 428 1924 Lorennii
459 1862 618 1922 collatione
650 1861 779 1920 innisum
807 1860 983 1921 mitissimus
1012 1863 1139 1938 quisque
1170 1862 1305 1922 iudicare

290 1953 405 2012 debeat.
459 1950 533 2010 (lum
564 1951 654 2009 multi
686 1949 781 2009 Flacii
814 1968 927 2010 errores
967 1969 1028 2009 non
1064 1953 1190 2011 correcti
1226 1955 1306 2026 sunt,

290 2045 357 2101 turn
379 2041 438 2101 loci
461 2034 595 2117 quidam,
616 2040 670 2115 qui
691 2031 897 2115 in'pnoribus
920 2037 1100 2100 editionibus
1123 2059 1139 2099 e
1162 2041 1306 2100 Flaciana

291 2130 436 2207 expressis
454 2131 565 2189 rectius
582 2129 767 2208 legebantur,
786 2126 818 2185 in
831 2127 993 2188 Halmiana
1012 2120 1062 2210 (ut
1079 2131 1112 2188 in
1125 2121 1305 2211 Bursianea)

290 2223 432 2280 miserum
458 2219 490 2277 in
517 2218 638 2279 modum
665 2216 823 2293 depravati
849 2220 933 2292 sunt,
961 2236 1040 2292 cum,
1065 2218 1172 2294 quibus
1199 2237 1305 2279 manus

290 2309 439 2369 recentior
465 2326 556 2384 puras
583 2306 769 2366 membranas
796 2306 920 2384 polluit,
948 2325 984 2366 ea
1015 2306 1153 2386 genuinis
1184 2307 1307 2369 Ilirmici

291 2398 389 2459 verbis
408 2417 427 2457 a
444 2396 547 2456 Flacio
565 2415 600 2455 ex
617 2399 736 2474 integro
754 2395 854 2455 codice
873 2395 1003 2456 excussis
1026 2396 1078 2455 isti
1100 2397 1306 2473 praetulerint

380 2487 543 2546 Halmiana
560 2505 652 2563 quam
668 2484 794 2563 indigna
811 2484 906 2544 bonae
925 2484 1065 2545 editionis
1083 2487 1202 2545 nomine
1220 2489 1307 2562 esset,

292 2596 346 2654 per
389 2577 516 2654 triginta
561 2593 655 2634 annos
700 2573 868 2652 philologos
908 2573 996 2652 fugit.
1064 2574 1147 2634 Tunc
1188 2574 1307 2634 demum

291 2665 468 2742 Krollius‚
509 2684 575 2724 cum
616 2682 677 2722 una
717 2682 786 2722 oum
824 2661 983 2723 Skutschio
1019 2663 1142 2724 Firmioi
1177 2664 1307 2725 Materni

291 2755 459 2815 Mathesecs
481 2754 573 2813 libros
596 2771 746 2813 recensere
768 2752 924 2829 coepisset,
946 2752 1036 2812 nimis
1058 2752 1250 2831 neglegenter
1268 2754 1307 2812 ab

292 2844 414 2904 Halmio
435 2844 516 2902 hunc
536 2845 652 2902 textum
674 2844 838 2900 tractatum
862 2859 924 2901 esse
946 2841 1096 2901 intellexit
1118 2835 1210 2922 (Berl
1233 2843 1307 2919 phil.
1331 2882 1335 2890 -

292 2932 444 2992 Wchschr.
476 2930 564 2991 XVII
588 2922 697 3011 1481).
752 2929 840 3000 Quod
867 2930 959 3006 paulo
990 2929 1307 3006 poat'Skutachius
1417 2905 1418 2948 l

293 3023 475 3098 comparatis
505 3021 647 3096 exemplis
675 3020 921 3098 photographicis
951 3039 1054 3079 earum
1083 3019 1192 3080 codicis
1221 3022 1308 3098 pagi·
1417 3017 1418 3058 ἶ

292 3131 399 3170 narum
430 3129 507 3186 quae
539 3108 734 3168 difficillimae
765 3111 836 3168 sunt
865 3108 958 3187 lectu,
990 3111 1082 3168 etiam
1109 3109 1218 3169 clarius
1240 3128 1308 3186 per-

293 3201 392 3277 spexit
428 3202 458 3259 et
494 3198 530 3257 de
567 3217 601 3257 eo
638 3201 814 3276 argumento
850 3199 883 3256 in
917 3197 992 3258 Mus.
1030 3198 1122 3258 Rhen.
1154 3198 1212 3258 vol.
1244 3198 1308 3274 LX,

292 3309 321 3365 p.
342 3290 405 3347 262
416 3307 480 3365 sqq.
503 3289 599 3347 fusius
618 3287 689 3365 egit.
724 3285 839 3346 Ibidem
858 3288 888 3345 et
906 3286 1049 3347 adhibitis
1070 3286 1214 3363 fontibus,
1232 3305 1308 3363 quos

292 3378 441 3437 Firmicus
463 3377 634 3453 descripsit,
665 3379 696 3436 et
724 3374 843 3436 collatis
872 3375 945 3435 locis
969 3375 1115 3435 similibus
1138 3375 1308 3437 Matheseoa

294 3459 391 3546 (quod
421 3467 483 3525 iam
514 3465 647 3525 Krollius
669 3467 688 3526 l.
717 3484 741 3524 c.
772 3457 899 3546 fecerat)
932 3468 963 3523 et
993 3464 1158 3526 observatis
1189 3464 1308 3543 legibus

294 3555 447 3617 clausulae
477 3555 663 3631 rhythmicae
692 3557 740 3615 sat
768 3555 881 3613 multos
908 3554 988 3614 locos
1012 3555 1146 3613 correxit
1191 3553 1308 3613 Deinde

294 3644 454 3705 Skutschio
477 3646 597 3704 auctore
625 3661 679 3704 uos
710 3644 748 3704 ad
777 3644 903 3721 paginas
932 3643 1000 3702 illas
1030 3641 1140 3703 codicis
1170 3644 1231 3702 situ
1258 3644 1309 3703 vel

294 3732 415 3793 madore
437 3734 586 3793 confectas
613 3732 710 3793 denuo
733 3732 868 3810 adgressi
890 3732 952 3790 acri
973 3733 1204 3812 investigatione
1226 3731 1308 3792 haud
