3100 4359
231 380 367 436 rfflfflcl
383 380 553 436 MATERNI

137 569 165 627 ga
178 548 354 626 persuasio?
378 549 456 619 Quid
469 553 594 610 miseros
607 551 744 611 homines
758 553 930 613 effrenata

137 637 297 699 :umvenis‘l
334 639 526 716 Unguentum
560 639 672 699 christi
700 641 775 700 oaeli
811 642 923 703 donat

137 732 266 800 ¹uentum
283 722 411 806 (tuum)
434 729 584 806 gehennae
608 732 732 789 suscitat
754 730 914 793 flammas

137 818 164 875 ›d
187 818 265 893 qnod
288 818 396 894 inpuro
419 837 468 877 ore
491 818 627 878 sacerdos
650 819 707 878 iste
729 823 760 878 et
780 822 913 895 polluta

138 908 323 966 minatione
351 909 506 982 oonponit‚
534 907 608 966 libet
635 907 770 986 diligenti
797 912 908 986 inqui·
937 932 948 971 s

137 1014 170 1055 ro.
207 995 347 1056 Liberato
366 996 421 1055 deo
440 1014 493 1055 suo
511 996 623 1056 bonum
642 999 771 1056 animum
794 1019 907 1077 gerere

137 1106 164 1143 m
190 1085 285 1144 bonae
317 1086 381 1161 spei
408 1084 517 1145 habere
543 1087 710 1160 persuadet
754 1086 778 1145 0
807 1108 906 1163 quarn

137 1175 282 1233 luctuosis
305 1193 337 1233 se
358 1175 475 1251 laqueis
494 1174 627 1235 involvit
650 1176 760 1235 oaduoa
781 1178 906 1237 eallidi-

137 1284 182 1323 nm
212 1267 298 1323 tuum
320 1262 449 1323 liberat?
491 1262 546 1323 Oui
567 1264 624 1323 hoo
644 1267 794 1341 praestitit
817 1268 905 1342 quod

137 1367 160 1410 r·
175 1352 255 1411 disee
283 1353 362 1428 quod
390 1353 493 1427 neseis,
516 1354 597 1413 disca
620 1354 699 1429 quod
720 1374 777 1413 non
799 1354 905 1416 vides:
919 1376 943 1416 ιο

159 1442 208 1500 dei
233 1446 268 1501 ut
294 1442 459 1501 humanum
486 1461 579 1519 genus
606 1462 625 1501 a
651 1446 754 1502 mortis
780 1444 906 1521 laqueis

152 1532 252 1591 omnia
273 1531 334 1591 ista
356 1531 507 1605 sustinuit,
534 1534 569 1591 ut
595 1532 777 1608 captivitatis
805 1534 905 1594 durae

137 1660 147 1693 q
176 1623 210 1678 ut
237 1620 387 1679 hominem
414 1622 495 1696 patri
521 1620 672 1695 redderet,
698 1625 734 1679 ut
758 1624 907 1701 mitigata

137 1727 179 1767 em
208 1726 275 1767 oum
307 1709 361 1767 deo
390 1728 535 1786 prospera
563 1710 769 1769 oonoilintione
791 1730 909 1788 oonpo-

137 1800 234 1857 nissae
261 1801 485 1858 resurrectionis
511 1800 642 1858 fructum
668 1803 788 1875 proprio
818 1822 909 1862 mon·
923 1820 948 1861 rs

138 1907 167 1947 o.
213 1887 298 1946 Fecit
323 1887 404 1946 filius
431 1888 480 1946 dei
506 1888 586 1964 quod
613 1891 683 1948 enta
714 1890 911 1966 promiserat,

140 1976 218 2036 sedis
245 1977 388 2053 infernae,
416 1980 446 2035 et
474 1976 566 2035 durae
593 1977 668 2055 legis
694 1979 912 2041 necessitatem

164 2068 337 2143 prostravit.
382 2066 440 2123 Per
470 2065 605 2125 triduum
632 2067 778 2127 recensita
804 2068 846 2127 ab
871 2090 912 2130 eo

137 2176 147 2214 ι
170 2156 293 2215 collecta
316 2158 370 2229 est,
397 2174 435 2213 ne
457 2155 570 2213 diutius
597 2160 702 2215 contra
724 2176 775 2216 eos
797 2160 912 2219 mortis

137 2245 300 2320 nprobitas‚
332 2263 368 2302 ne
399 2245 547 2304 iustorum
576 2247 717 2303 meritum
750 2265 785 2304 ex
811 2246 913 2325 longa
927 2266 953 2305 ss

137 2334 294 2393 oneideret.
336 2333 440 2410 Fregit
462 2332 593 2392 claustra
615 2336 770 2409 perpetua,
794 2339 825 2395 et
849 2338 913 2395 fer-

137 2425 220 2482 uisto
251 2422 371 2481 iubente
404 2422 563 2497 conlapsae
592 2426 671 2482 sunt.
717 2422 794 2483 ane
824 2427 914 2483 terra

146 2513 405 2571 fundamentorum
423 2529 546 2570 suorum
564 2511 731 2571 stabilitate
750 2530 913 2574 concussa·

137 2602 191 2660 isti
215 2620 322 2659 numan
346 2602 477 2678 agnovit.
498 2594 503 2679 Ι
522 2600 602 2659 Ante
620 2600 812 2676 praefinitum
832 2607 913 2662 tem-

137 2693 160 2747 rt
191 2690 269 2749 diem
301 2690 405 2747 mundi
431 2692 531 2749 rotate
558 2690 685 2767 vertigo,
712 2696 745 2749 et
773 2691 817 2751 sol
849 2712 912 2752 non
928 2710 954 2749 u

137 2823 260 2878 Vuae:
277 2808 386 2878 timna
403 2822 488 2878 senus
507 2824 664 2879 contremit.
697 2826 733 2892 cf.
750 2827 789 2881 aa
808 2829 854 2894 ro,
865 2833 910 2881 14.

137 3019 180 3072 dd.
196 3020 253 3086 Bu,
271 3022 394 3074 vestrum
412 3020 464 3075 ΓΙ.
554 3020 573 3073 d
591 3019 704 3091 gerere·
720 3023 813 3076 socios
838 3022 912 3077 fidu·

137 3107 169 3159 p.
189 3096 205 3139 u
234 3090 336 3145 liberat
363 3099 388 3146 et
417 3091 455 3145 10
482 3092 573 3146 neseis
601 3100 626 3146 et
655 3090 691 3146 12
718 3095 860 3147 sustinuit
884 3102 911 3150 et

137 3203 143 3215 .
210 3161 246 3215 13
264 3163 396 3233 mitigatd
414 3162 522 3218 offensi
541 3166 573 3218 P.
638 3164 674 3219 17
695 3166 722 3219 d.
732 3183 765 3234 p.
780 3165 911 3221 infernae

137 3249 182 3286 ens
201 3232 243 3287 ita
258 3236 290 3300 P,
308 3253 356 3287 em.
372 3235 435 3288 Mu.
509 3234 547 3287 20
566 3236 719 3289 ddnaratur
738 3238 774 3304 P,
793 3255 842 3291 em.
859 3234 909 3292 ΡΙ.

137 3321 177 3358 zm.
192 3306 243 3360 Fr.
297 3304 335 3359 28
354 3306 399 3360 dd.
410 3324 441 3374 p.
457 3308 626 3360 contremuit
641 3315 667 3361 et
686 3324 825 3363 concussa
845 3310 909 3363 add.

137 3394 165 3429 n.
179 3378 229 3431 Fr.
284 3377 402 3446 agnouit
420 3378 494 3431 Ante
513 3379 545 3432 P.

137 3543 143 3553 .
248 3500 266 3554 ὅ
287 3501 504 3568 Math.250,19
524 3500 655 3571 diligenti
675 3502 910 3570 ..inquisitione

137 3575 155 3624 8
174 3570 304 3641 diligenti
322 3572 433 3627 ratione
452 3572 598 3627 discutere.
664 3572 703 3627 22
721 3576 830 3629 Arrwb.
842 3576 864 3627 Ι
875 3577 911 3629 53

137 3643 265 3696 rtremuit.
318 3643 355 3697 25
375 3644 473 3697 mundi
491 3645 584 3699 rotsta
597 3643 706 3716 vertigo
720 3652 815 3701 exstat
827 3648 910 3700 dium

138 3718 166 3769 ÷3,
184 3716 219 3781 es.
231 3716 281 3769 Mo
295 3719 332 3770 25
346 3722 370 3770 ei
384 3720 436 3782 495
450 3717 521 3770 adde
535 3716 826 3787 Armu12vertigo
841 3716 911 3771 haee

137 3783 211 3854 sipiti
230 3785 323 3854 eoepit
340 3785 519 3841 volubilitate
536 3787 653 3856 raptari.
