3100 4359
311 407 401 462 XVIII
712 406 918 461 PRAEFATIO

311 576 473 637 Bembinus
491 579 522 635 et
538 579 640 636 noster
656 575 814 634 Palatinus
831 607 876 616 —
894 578 929 633 ut
946 579 1097 634 taceamus
1119 575 1155 633 de
1174 574 1327 635 codicibus

311 665 493 745 Vergdianis
535 668 565 724 ct
599 664 775 724 Horatiams
816 682 906 740 supra
947 663 1119 724 memoratis
1155 681 1200 705 ⁴-
1236 665 1327 724 unica

311 755 446 831 exempla
485 755 629 831 praebent
668 753 740 813 talis
781 753 995 827 distinctionis,
1042 754 1166 812 tertium
1208 752 1327 812 addidit

310 844 344 904 R.
373 843 519 902 Kauer
554 845 586 901 in
622 844 872 903 commentatione
908 837 1050 901 ‘Studien
1087 863 1122 901 zu
1157 838 1324 902 Pacianua'

310 925 520 1014 (vindobonae
540 933 635 1008 1902,
657 924 786 1012 progr),
809 933 892 990 cuius
915 951 944 1008 p.
965 932 1049 990 2-5
1074 931 1169 990 multa
1188 932 1326 1006 exempla

311 1022 445 1082 exhibuit
474 1021 682 1096 distinctionis,
714 1040 790 1097 quae
823 1021 855 1078 in
883 1019 1007 1079 Paciani
1033 1020 1133 1080 codice
1162 1021 1326 1098 Reginensi

310 1130 331 1171 s.
360 1111 388 1169 X
419 1103 465 1191 (et
500 1110 568 1171 aliis
605 1110 736 1170 eiusdem
772 1108 937 1183 codicibus,
972 1130 999 1168 v.
1033 1129 1061 1185 p.
1092 1101 1126 1190 6)
1163 1110 1324 1180 invenitur.

311 1201 407 1270 Quam
425 1200 513 1258 facile
530 1199 632 1259 videre
649 1202 735 1275 potes
753 1198 880 1273 easdem,
899 1217 973 1274 quas
992 1217 1082 1274 supra
1101 1200 1270 1273 statuimus,
1294 1202 1325 1258 et

309 1288 458 1348 clausulas
482 1288 659 1365 disponendi
685 1291 715 1347 et
744 1287 948 1365 distinguendi
969 1287 1058 1366 leges·
1073 1288 1171 1362 sequi,
1197 1291 1234 1346 ut
1260 1290 1325 1348 iam

309 1379 374 1455 ipse
396 1376 532 1436 Kauerus
559 1379 708 1453 professus
738 1379 784 1436 est
811 1378 878 1453 pl
908 1376 973 1436 adn.
1000 1378 1032 1435 2:
1070 1372 1122 1434 ‘Es
1149 1376 1191 1436 ist
1218 1377 1324 1436 selbst-

309 1466 523 1540 verstiindlieh,
564 1466 622 1525 dass
656 1466 734 1526 diese
766 1466 999 1540 Interpunhticn
1036 1465 1088 1524 der
1119 1468 1325 1543 sogenaunten

309 1555 495 1634 Scbreibung
520 1573 577 1629 per
608 1557 671 1615 cola
703 1560 729 1614 et
760 1559 903 1614 recuruato
935 1549 1118 1629 entspricht.’
1175 1551 1253 1622 Quid
1286 1556 1323 1614 de

308 1646 424 1722 origine
450 1645 538 1703 huius
566 1644 701 1704 codicum
727 1643 796 1703 s.X
823 1643 1023 1703 distinctionis
1052 1642 1245 1702 iudicandum
1273 1645 1323 1718 sit,

308 1735 387 1793 idem
413 1734 514 1793 Kauer
540 1734 560 1794 l.
584 1752 607 1793 c.
632 1755 661 1810 p.
687 1737 705 1792 6
737 1731 901 1792 rectissime
937 1733 1067 1809 explicat
1097 1732 1178 1791 hisce
1209 1733 1324 1793 verbis:

309 1818 392 1882 ‘Wer
423 1823 503 1883 diese
524 1823 756 1899 Interpuulrtion
783 1824 882 1896 aetate,
910 1821 957 1880 die
980 1822 1035 1880 auf
1055 1821 1108 1880 des
1136 1823 1238 1900 engste
1265 1822 1324 1882 mit

307 1912 361 1971 der
382 1913 604 1988 rhythmischen
623 1910 804 1989 Gliederrmg
826 1911 878 1970 der
900 1911 980 1970 Rode
1002 1910 1174 1971 verbunden
1196 1911 1244 1986 ist,
1269 1910 1324 1970 der

307 2002 410 2061 muBte
423 2003 474 2059 fir
487 2001 566 2060 diese
580 2000 674 2060 colles
688 1999 884 2059 Verstandnis
898 1998 1003 2072 haben,
1022 2001 1064 2058 sie
1082 1998 1154 2058 mud
1173 1999 1323 2059 identisch

307 2091 370 2149 sein
392 2092 448 2148 mit
471 2091 523 2148 der
539 2089 771 2165 Interpunktion
799 2089 850 2149 des
863 2089 1032 2149 Verfassers
1056 2089 1157 2162 selbst,
1181 2088 1242 2146 und
1265 2091 1323 2147 wir

306 2180 424 2239 kdnnen
446 2199 503 2237 nur
530 2182 668 2253 staunen,
697 2180 754 2237 mit
781 2178 908 2238 welcher
930 2179 1024 2237 Treue
1052 2177 1132 2236 diosa
1159 2177 1202 2237 im
1224 2177 1321 2238 Lause

307 2266 359 2327 der
389 2267 609 2327 Jahrhunderte
641 2268 776 2327 erhalten
811 2263 932 2326 warde?
987 2266 1046 2324 Vix
1077 2266 1214 2340 dubium,
1247 2266 1321 2342 quin

306 2361 397 2418 etiam
419 2360 452 2417 in
478 2359 582 2416 multis
605 2357 673 2416 eliis
701 2357 852 2416 codicibus
880 2356 983 2415 eadem
1010 2354 1162 2415 distinctio
1190 2357 1321 2416 inveniri

305 2449 410 2524 possit,
433 2447 591 2506 dummodo
615 2446 833 2522 perquirantur.

393 2537 518 2596 Accedit
547 2538 579 2594 in
606 2534 705 2594 codice
728 2534 907 2594 Firmieianc
938 2535 1067 2593 alterum
1100 2537 1319 2610 argumentum,

305 2645 364 2702 quo
387 2645 456 2686 eum
479 2627 532 2702 qui
553 2628 669 2684 textum
686 2624 884 2702 distingueret
906 2623 1105 2699 rhythmicam
1123 2623 1172 2682 vel
1192 2623 1318 2682 rhetori-

305 2734 370 2775 cam
397 2717 541 2774 orationis
569 2715 813 2790 compositionem
837 2716 867 2771 et
895 2712 1075 2771 intellexisse
1099 2715 1129 2770 et
1155 2712 1319 2787 respexisse

304 2803 457 2879 probatur.
494 2804 641 2862 Maicrum
660 2803 739 2862 enim
752 2802 868 2879 periodi
887 2801 1086 2860 membrorum
1099 2801 1188 2859 initia
1202 2819 1320 2877 semper

305 2893 366 2952 fere
389 2894 492 2952 littora
515 2892 678 2951 maiuscula
697 2891 911 2969 significantur.
945 2889 994 2948 Ad
1011 2888 1222 2948 illustrandam
1239 2890 1319 2950 hanc

303 2984 462 3056 rationem,
499 2981 646 3056 simulque
682 2984 718 3039 ut
754 2981 920 3055 exemplum
957 2979 1043 3038 detur
1082 2978 1166 3036 illius
1208 2979 1319 3040 codicis

303 3070 512 3142 distinctionis,
543 3072 641 3128 totum
669 3074 759 3146 caput
786 3069 842 3127 XV
870 3071 1006 3128 accurate
1037 3069 1086 3126 hic
1120 3068 1319 3128 exscribemus

303 3160 387 3218 nulla
409 3177 441 3216 re
459 3160 584 3231 mutata,
606 3158 666 3217 nisi
688 3158 769 3234 quod
793 3157 967 3233 compendia
992 3156 1186 3217 dissolvemus
1216 3159 1318 3217 omnia

304 3249 422 3324 praeter
444 3247 552 3324 sigium
574 3247 615 3321 ὦ,
642 3247 722 3322 quod
744 3266 804 3322 qua
833 3248 950 3306 ratione
972 3249 1102 3322 ponatur
1125 3246 1228 3304 statim
1250 3266 1318 3323 per·

305 3354 419 3413 sprcres.

392 3424 523 3484 Palladii
545 3427 636 3484 etiam
659 3424 732 3500 quid
754 3426 795 3484 sit
817 3437 933 3484 numen·
962 3425 1070 3484 audite.
1116 3422 1316 3484 Simulacrum

303 3519 349 3574 cat
375 3515 524 3574 exossibus
552 3515 666 3591 pelopis
694 3513 820 3588 factum3
857 3514 922 3572 Hoc
949 3513 1047 3572 auaris
1076 3513 1180 3588 scytha
1209 3513 1317 3574 fecisse

302 3604 488 3681 perhibetur3
517 3603 582 3662 Iam
601 3603 690 3680 quale
713 3601 753 3660 sit
770 3603 878 3676 ΞΞΞ
901 3603 1082 3663 considerate
1106 3601 1186 3678 quod
1209 3604 1317 3678 scytha

302 3693 445 3754 barbarus
467 3693 664 3767 consecrauit3
696 3692 790 3751 Estne
813 3691 927 3767 aliquid
946 3695 1020 3767 aput
1042 3690 1160 3768 scythas
1183 3692 1317 3751 humana

301 3784 417 3844 ratione
440 3782 634 3860 conpositum·
671 3782 711 3840 at
733 3779 788 3839 illa
802 3780 891 3840 effera
909 3799 981 3858 gens
994 3780 1149 3840 hominum
1163 3781 1186 3840 d
1201 3780 1317 3840 crudeli
