3100 4359
339 401 481 455 XXXVIII
604 407 615 427 ⁰
742 397 948 454 PRAEFATIO

341 569 429 629 modo
443 568 594 643 iaderam)
613 570 711 646 legere
729 570 843 644 priores
862 569 905 628 ibi
918 569 1080 644 potuerint,
1099 570 1205 629 ubine
1225 570 1349 645 spatium

279 723 280 726 Ἴ
342 658 462 733 quidem
484 659 577 718 trium
599 658 768 717 litterarum
791 658 887 717 datin.
948 692 950 696 ·
1305 673 1332 680 ··

332 789 335 798 .
429 746 544 823 Capitis
576 747 651 805 XIII
683 742 836 806 exordium
868 746 940 805 olim
971 747 991 804 I.
1015 763 1038 804 c.
1068 767 1096 822 p.
1122 748 1185 806 286
1195 766 1239 822 sq.
1272 749 1348 806 rosti-

341 837 455 896 tnimus
492 839 523 895 et
558 837 749 911 interpretati
796 853 904 895 sumus.
972 835 1054 894 Haec
1098 854 1177 894 nunc
1213 836 1349 895 habemus

340 925 485 996 addenda.
522 925 583 984 Ubi
605 927 678 984 olim
701 927 833 1000 priorum
853 924 1004 983 editorum
1028 926 1207 985 anctoritate
1230 925 1350 984 nimium

338 1015 442 1074 confisi
460 1015 647 1073 mortalitatis
665 1013 846 1092 legebamus
869 1031 949 1072 nune
966 1014 1174 1072 mediocritatis
1187 1031 1251 1072 esse
1264 1016 1349 1090 scrip

333 1105 403 1162 'tum
435 1103 632 1179 perridImus,
663 1105 698 1161 ut
729 1104 791 1162 iam
823 1102 938 1177 pridem
972 1101 1146 1162 Skutschius
1170 1122 1206 1161 ex
1229 1103 1350 1162 aliomm

333 1193 608 1252 ¹ecelesiasticorum
622 1193 764 1269 exemph's
775 1183 1043 1270 (eLBuenemauno
1059 1191 1193 1250 ad-Lact.
1202 1191 1249 1250 ΙΠ
1266 1194 1315 1252 30.
1327 1195 1350 1265 1,

338 1281 427 1340 Lullo
447 1282 533 1357 epist.
550 1285 566 1340 l
583 1282 684 1358 Migne
705 1283 756 1356 96,
771 1281 834 1339 819
850 1281 876 1338 Β
894 1285 928 1338 at
949 1298 1029 1340 meae
1051 1281 1258 1340 mediocritatis
1281 1284 1350 1340 cari

338 1388 410 1429 nam
423 1371 527 1442 satane
541 1372 671 1444 dianeris
684 1373 743 1430 tais
756 1371 844 1429 menis
858 1371 1040 1428 ormninibns
1054 1373 1103 1429 etc.
1114 1389 1159 1445 ep.
1172 1372 1230 1445 4p.
1242 1362 1350 1447 821D)

339 1462 542 1535 proposuerat.
589 1459 671 1528 Quae
703 1459 792 1518 lectio
822 1459 900 1518 clare
925 1457 1117 1517 confirmatur
1138 1458 1203 1519 loco
1228 1459 1351 1534 quodam

340 1548 514 1608 Matheseos.
560 1549 639 1606 Num
662 1568 730 1606 cum
753 1550 852 1606 textus
874 1548 1032 1606 restitutus
1056 1566 1134 1606 nnnc
1157 1548 1208 1608 sic
1223 1548 1352 1626 legatur:

339 1638 453 1696 Discite
482 1640 569 1696 etiam
597 1639 775 1696 sacrosancti
797 1639 985 1710 Imperatores
1007 1638 1207 1695 venerandam
1225 1636 1352 1696 Alexan

339 1727 423 1784 driae
444 1741 565 1784 nmnen·
588 1727 667 1786 ande
694 1729 821 1800 sumpsit
847 1726 1010 1792 ceordimn,
1043 1729 1077 1784 nt
1104 1729 1130 1784 et
1148 1727 1237 1784 baias
1258 1729 1352 1799 inepta

338 1814 499 1888 frequitate
513 1817 680 1875 detecta·ad
698 1818 829 1874 veritates
849 1816 998 1875 exordium
1016 1815 1223 1874 mediocritatis
1241 1819 1353 1874 nostrae

339 1921 433 1962 sermo
461 1909 619 1978 remeetur,
648 1906 757 1963 mirum
789 1903 970 1963 in‘modum
1007 1903 1154 1962 consentit
1175 1903 1352 1963 'Matheseos

339 1992 410 2051 libri
432 1992 492 2051 VH
519 1993 587 2050 finis
617 1995 659 2052 sie
682 1995 867 2069 compositus
884 1985 949 2074 (fol.
973 1991 1019 2066 GV,
1043 1994 1097 2052 col.
1122 1993 1137 2051 I
1159 2014 1187 2052 v.
1213 1984 1353 2072 lOsqq:):

340 2082 425 2140 Hace
444 2083 497 2140 tibi
509 2082 643 2141 Maeonii
656 2083 744 2142 decas
756 2086 889 2141 nostram
898 2083 1005 2156 partili
1019 2083 1231 2156 replicavimus·
1245 2082 1354 2141 ratione

340 2171 467 2246 collecta,
499 2175 534 2229 at
563 2175 662 2230 omnic
693 2173 745 2230 tibi
773 2174 882 2231 secreta
905 2173 1228 2238 acimaetensem
1249 2173 1352 2230 medio·

339 2262 430 2320 eritas
460 2265 563 2319 nostre
595 2262 759 2333 manifestis
790 2259 1075 2333 interpretationibus
1097 2262 1254 2319 intimaret.
1301 2259 1354 2318 Sed

339 2349 385 2408 bis
413 2350 563 2423 eapiieatis
595 2367 688 2408 senno
719 2354 795 2408 totas
817 2350 858 2408 ad
881 2351 1084 2422 repositionem
1106 2348 1255 2422 Sphaerae
1278 2349 1359 2406 Bere

340 2439 457 2497 doricae
470 2440 675 2511 transferatur.
714 2438 757 2498 of.
781 2437 894 2496 Lvuu
917 2438 970 2497 col.
994 2437 1051 2496 Iv.
1067 2439 1117 2496 35.
1138 2436 1235 2496 oxlr
1254 2439 1309 2496 col.
1328 2436 1356 2494 Π

342 2549 371 2586 v.
395 2529 447 2586 43.
470 2528 579 2585 Minue.
602 2527 664 2586 rel.
688 2529 716 2584 V
731 2528 759 2585 5.
784 2527 976 2602 Arnob.I,1
1002 2529 1097 2586 eccs.
1118 2559 1160 2566 -
1180 2525 1356 2602 Sequentem

342 2617 498 2692 periodum
528 2636 563 2674 ex
590 2620 675 2692 parte
705 2615 824 2691 quidem
850 2615 1051 2692 iampridem
1073 2615 1183 2674 Krolh'i
1205 2617 1357 2694 ingeniosa

340 2707 511 2765 coniectura
534 2708 679 2779 sanatam,
703 2724 793 2781 quam
816 2724 917 2763 veram
940 2723 1002 2764 esse
1025 2707 1127 2764 nostra
1154 2707 1226 2763 tunc
1241 2705 1357 2764 ¹codicis

341 2795 558 2871 perquisitione
581 2796 734 2869 apparuit,
764 2797 799 2852 ut
821 2797 918 2854 totam
940 2793 1135 2867 reficeremus,
1158 2795 1288 2870 configit
1310 2793 1357 2852 ob·

340 2886 460 2943 servato
484 2902 518 2942 eo
537 2901 626 2957 more,
651 2883 686 2942 de
710 2901 770 2958 quo
794 2901 885 2959 supra
904 2883 1131 2958 dIsputarImus,
1154 2881 1357 2960 distinguendi

335 2975 371 3030 et
394 2972 574 3030 maiusculis
606 2974 639 3029 in
670 2973 803 3031 colorum
835 2972 930 3030 initiis
960 2971 1098 3047 ponendi.
1145 2971 1266 3030 Etenim
1295 2991 1359 3030 eum

342 3077 401 3118 vox
432 3061 564 3133 redipioso
594 3062 759 3120 maiuscula
788 3064 895 3120 ornata
928 3063 980 3136 sit,
1012 3063 1073 3120 iem
1101 3061 1267 3137 apparebat
1296 3076 1358 3120 eam

341 3167 445 3208 vocem
468 3148 633 3223 obscuram,
657 3168 733 3224 quae
751 3150 944 3210 antecedebat
963 3167 1110 3226 quamque
1135 3151 1220 3208 5-6
1241 3150 1358 3209 litteras

342 3238 500 3313 complecti
541 3239 671 3314 spatium
713 3235 838 3298 docebat
879 3231 921 3319 (v.
944 3239 964 3297 1.
989 3258 1012 3299 e.
1036 3259 1065 3316 p.
1085 3231 1178 3321 287),
1220 3258 1282 3299 non
1324 3237 1360 3296 ad

343 3328 498 3402 sequentia
529 3317 622 3408 (quod
653 3329 787 3386 clausula
815 3328 1043 3387 commendebat
1067 3345 1130 3389 -csa
1152 3330 1244 3402 famis
1266 3330 1360 3387 immi·

342 3420 423 3475 neret
436 3441 478 3462 =
494 3409 686 3497 mmmm),
709 3416 761 3476 sed
785 3413 823 3474 ad
845 3417 1070 3493 praecedentem
1092 3417 1272 3477 sententiam
1296 3437 1360 3494 per·

345 3504 448 3564 tinere.
494 3505 585 3565 Porro
605 3524 672 3564 eum
694 3505 822 3564 formam
844 3508 934 3579 famis
957 3508 1125 3584 genetivum
1149 3525 1211 3566 esse
1234 3510 1361 3583 pateret,

344 3593 569 3652 desiderabatur
587 3594 752 3653 subiectum
771 3595 856 3654 verbi
872 3597 1042 3669 immineret,
1060 3595 1138 3653 unde
1157 3598 1187 3653 et
1205 3596 1360 3673 genetiuis

343 3683 435 3754 famis
469 3683 619 3757 penderet.
679 3683 735 3749 His
772 3685 919 3744 conclusis
956 3689 986 3742 et
1022 3684 1115 3742 variis
1156 3684 1360 3744 conaminibus

343 3772 456 3830 frustra
487 3772 612 3830 tentatis
645 3774 675 3829 in
709 3791 811 3830 vocem
845 3775 964 3832 enitimn·
994 3772 1120 3846 denique
1143 3772 1304 3832 incidimus
1327 3789 1359 3828 ac
