3100 4359
685 387 700 446 §
720 381 736 434 6
1136 383 1223 436 XLIII

216 553 234 609 l.
256 568 278 610 c.
300 572 327 628 p.
352 553 417 609 294
448 570 509 609 non
539 526 608 609 sine
635 552 718 609 iusta
750 568 840 610 causa
870 550 1045 610 videbamur
1068 553 1222 628 suspicari,

215 640 262 698 sed
283 641 320 699 ad
343 639 550 698 antecedentia
570 639 756 698 referendam
787 657 858 699 esse.
903 639 987 697 Nihil
1018 640 1101 698 aliud
1127 642 1224 718 igitur

214 731 308 804 potest
324 729 416 787 tuisse
435 727 494 786 nisi
511 730 558 796 eit,
582 728 662 804 quod
681 729 833 788 clausulae
851 730 950 806 gratia
968 729 1222 805 transponendum

213 835 271 878 esse
289 837 348 877 non
366 817 427 877 iam
445 815 603 892 credimus
622 838 648 877 v.
663 838 691 895 p.
706 817 814 876 XXVI.
851 817 993 877 Periodus
1018 819 1074 876 illa
1097 837 1222 894 sequens

211 907 304 966 adhuc
327 905 551 981 corruptIssima
573 906 688 966 duabus
711 909 796 966 novis
815 905 992 966 lectionibus
1010 907 1099 967 facile
1118 911 1224 968 sanata

210 999 261 1055 est
306 996 426 1056 Etenim
456 1015 524 1055 oum
553 995 625 1054 olim
655 997 816 1072 legeretur:
851 996 907 1054 Vos
933 1014 1013 1055 nureo
1028 1042 1034 1054 .
1050 1045 1056 1056 .
1072 1043 1078 1054 .
1094 1000 1120 1056 et
1141 1013 1223 1056 occc-

209 1086 320 1144 rundue
341 1086 412 1157 fidet
434 1089 546 1143 vestm
566 1086 754 1158 implorando
777 1087 871 1144 osma
899 1089 947 1152 est,
975 1103 1069 1160 supra
1094 1087 1224 1145 honines

210 1177 328 1247 aanor
361 1179 386 1232 et
416 1193 436 1233 o
468 1179 584 1234 tcrraao
614 1173 775 1258 froprla‘tute
808 1178 973 1248 separatur,
1006 1175 1171 1234 caelatum
1194 1193 1224 1234 aa

209 1280 306 1322 reram
332 1265 465 1322 societate
492 1265 648 1338 conacnpit,
680 1280 755 1336 qaue
787 1265 820 1321 io
851 1265 985 1322 omuibus
1017 1265 1129 1323 actibus
1160 1266 1224 1322 suis

204 1357 294 1425 prout
318 1357 415 1426 potest
445 1352 493 1411 dci
525 1354 632 1411 summ
664 1353 794 1426 sepultor
825 1352 1012 1429 voluntatem,
1045 1355 1224 1412 sententiam

209 1441 295 1516 plene
318 1441 476 1501 obscuram
499 1441 641 1500 resarcire
660 1441 847 1500 conabantur
864 1441 976 1500 inserta
995 1440 1040 1500 bis
1060 1460 1131 1500 voce
1149 1460 1224 1516 quoe

209 1522 291 1609 (post
312 1533 523 1590 nausearet
545 1523 724 1611 separatur).
765 1529 809 1589 At
831 1529 922 1589 habet
945 1530 1035 1589 codex
1057 1550 1117 1588 non
1140 1548 1222 1603 sepc-

209 1623 299 1688 ratar,
324 1619 377 1678 sed
399 1623 561 1692 separatus,
584 1638 640 1678 nec
663 1636 717 1693 qua
740 1619 786 1691 (tn
808 1617 965 1692 ansibus),
988 1619 1039 1678 sed
1062 1621 1119 1691 qui.
1157 1620 1222 1689 Quo

209 1709 430 1786 elegantissima
460 1709 576 1768 exsistit
604 1709 757 1786 periodus,
787 1727 877 1784 quam
903 1709 936 1766 in
958 1711 1061 1767 nostro
1085 1711 1224 1767 contextu

207 1798 293 1876 leges.
333 1796 563 1873 supersedemus
586 1797 706 1873 quidem
724 1798 812 1873 plura
835 1797 952 1872 addere,
976 1798 1026 1856 sed
1050 1797 1146 1856 facere
1164 1815 1246 1856 non¹

207 1905 376 1962 possumus,
410 1887 482 1962 quin
514 1886 632 1946 eosdem
664 1887 745 1945 locos
767 1887 951 1960 Matheseos,
975 1904 1048 1961 quos
1072 1905 1162 1961 supra
1186 1887 1224 1944 ad

208 1976 440 2035 confirmandam
454 1975 691 2034 emendationem
705 1977 830 2034 caliditas
844 1976 1009 2050 attulimus,
1024 1995 1101 2034 nunc
1115 1977 1233 2034 iterum

208 2083 421 2141 comparemus.

242 2163 284 2216 De
303 2162 491 2233 err.XX6s'1
540 2164 543 2232 Ι
574 2162 662 2216 Math.
679 2169 739 2229 195,
754 2169 787 2215 21
797 2180 857 2231 sqq.
922 2162 1205 2231 Math.253‚16sqq.

208 2233 237 2287 in
266 2252 355 2288 unum
388 2233 529 2304 colligit
555 2233 717 2287 hominibus
798 2234 877 2288 varia
904 2234 1109 2288 exhibentes
1142 2233 1224 2288 fidele

207 2307 308 2373 vires,
324 2307 528 2359 autcertecor-
555 2322 648 2359 rarum
668 2305 876 2359 diversitate
905 2305 1109 2362 commercium.
1135 2305 1224 2360 Erunt

208 2377 283 2445 poris
311 2379 342 2430 et
369 2376 457 2430 animi
482 2376 529 2429 di·
556 2375 746 2430 sollicitis
774 2394 876 2445 purum
905 2393 971 2430 sane
1003 2377 1033 2429 in
1066 2377 1142 2431 omni
1177 2393 1223 2430 ne·

207 2449 411 2502 versitatum
434 2447 529 2501 exhi·
557 2464 590 2502 ao
617 2447 700 2502 fidele
723 2447 876 2516 patrocini·
904 2447 1060 2517 gotiatione
1114 2447 1224 2503 solli-

207 2520 281 2574 bita
299 2519 408 2573 homini
425 2520 529 2572 inmor·
556 2537 605 2573 um
626 2518 797 2573 defensionis
821 2535 877 2572 ex·
905 2518 982 2583 citi,
1010 2519 1095 2573 utiles
1122 2522 1150 2574 et
1175 2520 1225 2588 qui

207 2590 320 2645 talitate
340 2591 528 2645 consociat...
556 2589 663 2644 hibui.
904 2590 1080 2644 substantiae
1103 2590 1223 2645 faculta-

233 2661 529 2732 Suprahomineseri-
594 2664 877 2716 ...utatarrena
904 2664 946 2715 tes
984 2662 1041 2716 suis
1077 2662 1224 2717 viribus

228 2735 284 2787 'tur
303 2735 367 2786 eta
390 2735 529 2787 terrena
557 2733 764 2802 quodammodo
799 2751 877 2788 con·
905 2732 1093 2803 colligant,
1130 2736 1224 2803 patres

271 2805 363 2858 “tate
390 2820 528 2873 separa·
556 2805 753 2858 versatione
778 2821 875 2874 sepo·
904 2803 1030 2858 familiae
1072 2805 1108 2857 ab
1148 2805 1225 2858 omni

207 2879 260 2930 tns
278 2875 485 2930 caelestium
499 2893 528 2930 sa
556 2876 645 2929 situs
714 2876 877 2930 caelesti·
903 2874 1077 2928 luxuriarum
1117 2891 1223 2944 sepo-

207 2965 300 3002 rerum
313 2947 449 3002 societate
464 2964 528 3001 con·
556 2947 616 3001 bus
642 2965 686 3001 me
714 2964 748 3001 ac
773 2947 875 3000 divinis
905 2946 966 3000 siti
979 2946 1133 3015 voluptate,
1147 2948 1225 3014 insti,

208 3020 309 3090 iungit,
329 3019 431 3086 qui...
542 3018 797 3087 *disputationibus
828 3018 877 3071 ad·
905 3017 960 3071 sibi
991 3020 1122 3072 vacantes
1151 3020 1180 3072 et
1208 3035 1225 3072 a

541 3084 699 3203 {plicarem
905 3089 1224 3171 conyersationis

905 3159 1035 3229 publicae
1105 3161 1225 3229 strepitu

541 3240 560 3300 γ’
906 3231 1126 3300 separati...

298 3329 340 3388 At
362 3331 528 3389 sententiae
552 3330 648 3388 tribus
671 3329 717 3388 his
741 3330 814 3388 locis
838 3328 1004 3388 similitudo
1028 3331 1073 3387 est
1092 3328 1189 3388 nulla!

297 3490 333 3549 In
363 3490 437 3548 folio
462 3491 519 3548 28*
547 3492 633 3549 novis
663 3489 841 3548 lectionibus
869 3490 923 3548 hos
951 3487 1025 3548 duos
1053 3489 1134 3548 locos
1164 3507 1224 3548 cor-

211 3580 347 3638 reximus.
393 3578 429 3637 ln
451 3578 509 3638 fine
532 3580 617 3655 longi
638 3580 771 3654 excerpti
793 3598 828 3638 ex
852 3578 1036 3656 Apocalypsi
1063 3577 1108 3636 ita
1138 3577 1226 3636 habet

211 3668 302 3726 codex
333 3659 378 3750 (et
409 3659 557 3749 Flacius):
589 3671 617 3726 ct
645 3685 692 3726 eos
719 3686 843 3743 reomau
865 3715 870 3724 .
893 3713 899 3727 .
922 3666 1079 3726 ,Mutavit
1108 3668 1142 3724 in
1173 3684 1226 3725 uos

212 3755 379 3817 Bursianus
401 3775 563 3833 pronomen
587 3775 642 3825 cos,
667 3751 758 3832 ‘quod
782 3776 964 3834 quamquam
988 3755 1146 3832 respondet
1169 3756 1225 3814 lec-
