3100 4359
335 374 379 440 80
678 376 817 431 FIRMIOI
834 376 1003 431 Maricam

223 551 321 605 saw
334 544 494 607 severitate
514 538 519 622 Ι
540 546 706 622 suspendit,
735 566 774 605 ne
804 565 857 606 vos
884 546 1012 605 forsitan
1038 563 1162 621 peccare
1189 545 1355 620 paeniteat,

333 653 371 691 ne
394 633 557 711 sacrilegae
579 636 745 695 voluntatis
769 636 892 697 exitium
915 635 1017 711 aliquo
1041 654 1147 712 genere
1165 633 1355 708 relinquatis.

334 722 411 781 Ecce
438 722 558 799 inipso
586 724 802 802 indignationis
830 726 945 801 impetu
971 724 1127 783 moderata
1154 742 1256 783 rursus
1280 742 1356 783 soce

333 811 500 887 persuadet,
523 816 555 871 et
571 815 685 873 irarum
702 833 824 874 suarum
842 816 1002 889 conprimit
1021 813 1166 873 stimulos.
1198 812 1253 873 Ait
1273 816 1356 873 enim

333 920 387 975 per
399 900 583 961 Hieremiam
597 904 787 979 prophetam:
805 898 944 963 ‘Nolite
963 902 1146 961 ambulare
1166 903 1248 977 post
1268 902 1355 961 deos
1382 920 1391 959 ε

334 991 474 1049 alienos
492 994 531 1049 ut
550 993 722 1051 serviatis
746 995 812 1067 eis,
835 994 871 1053 et
889 1012 931 1050 ne
950 992 1209 1065 adoraveritis,
1231 1010 1275 1049 ne
1300 991 1356 1049 in-

334 1081 460 1140 citetis
478 1100 530 1140 me
548 1083 585 1139 in
603 1082 773 1157 operibus
792 1100 959 1141 manuum
977 1084 1191 1141 vestrarum·
1216 1079 1259 1141 ad
1280 1081 1355 1140 dis·
1411 1062 1412 1119 i

282 1174 315 1222 13
333 1169 534 1244 perdendos
558 1166 642 1231 vos?
687 1168 764 1241 Quid
788 1174 830 1231 sic
853 1170 892 1229 ad
915 1170 1106 1247 sacrilegium
1127 1187 1239 1245 pronus
1263 1188 1357 1230 aures

333 1259 402 1317 tuas
430 1258 580 1319 obstruis?
626 1259 704 1329 Quid
732 1264 775 1321 sic
802 1261 949 1321 obstinati
970 1260 1081 1319 furoris
1105 1259 1211 1319 ardore
1233 1259 1267 1316 in
1292 1261 1357 1319 exi-

332 1347 410 1407 tium
437 1350 523 1407 tuum
550 1352 734 1426 mortemque
762 1345 910 1410 festinas?
955 1348 1096 1409 Liberum
1118 1352 1149 1407 te
1172 1348 1244 1407 deus
1269 1349 1357 1424 fecit,
1372 1369 1393 1407 ιο

332 1438 441 1497 intua
468 1456 559 1498 manu
586 1444 631 1499 est
658 1442 693 1497 ut
716 1442 770 1499 aut
791 1440 893 1499 vivas·
908 1442 962 1499 aut
983 1456 1097 1513 pereas.
1143 1436 1220 1507 Quid
1243 1439 1275 1495 te
1299 1458 1358 1514 per

333 1524 463 1603 abrupta
484 1526 686 1603 praecipitas?
720 1529 756 1587 In
779 1529 894 1589 lubrico
916 1530 1023 1588 itinere
1047 1528 1239 1587 constitutus·
1265 1530 1298 1585 et
1321 1529 1357 1585 in

332 1617 398 1692 ipso
421 1616 509 1692 lapsu
529 1619 657 1692 positus·
681 1617 847 1679 titubantia
866 1618 1028 1693 aliquando
1047 1616 1193 1692 suspendo
1211 1617 1355 1693 vestigia.
1413 1606 1414 1613 ἵ

331 1705 408 1765 Ecce
432 1708 580 1766 sententia
603 1708 759 1783 promitur,
783 1726 848 1767 ecce
871 1725 969 1782 poena
991 1706 1169 1765 decernitur.
1209 1704 1272 1763 Diu
1296 1709 1355 1765 cri·

331 1793 462 1854 minibus
484 1797 545 1855 tuis
568 1797 702 1873 pepercit
724 1797 828 1857 divina
851 1796 1027 1870 moderatio,
1050 1794 1102 1853 diu
1124 1795 1241 1853 faunus
1264 1796 1355 1857 tuum
1368 1817 1389 1857 n

332 1901 400 1943 cum
431 1884 671 1945 dissimulatione
703 1888 842 1962 respexit.
888 1885 1030 1945 Pervenis
1063 1883 1102 1945 ad
1127 1883 1204 1943 illud
1232 1902 1354 1961 anceps,

331 1972 384 2032 ubi
406 1988 485 2048 spes·
505 1973 558 2033 ubi
581 1978 653 2035 vota
675 1975 830 2050 deficiunt,
861 1978 892 2035 et
914 1978 948 2035 ut
970 1972 1159 2033 manifestius
1181 1974 1355 2049 instruaris,

260 2084 318 2131 (129)
332 2062 600 2124 animaduersionis
624 2065 737 2123 exitum
771 2065 859 2125 duce.
908 2064 1004 2139 Super
1029 2064 1086 2121 bac
1113 2081 1145 2119 re
1172 2063 1206 2120 in
1232 2061 1353 2138 Apoca-
1415 2104 1416 2119 2

331 2152 411 2227 lypsi
433 2155 515 2213 totus
539 2152 611 2230 ordo
634 2156 770 2229 responsi
794 2158 848 2227 est,
869 2154 914 2212 ita
937 2152 1016 2213 enim
1039 2153 1185 2227 scriptum
1208 2153 1266 2210 est:
1298 2146 1354 2211 ‘Si

332 2241 413 2317 quia
436 2242 565 2303 adorat
587 2242 740 2303 bestiam
766 2245 800 2302 et
822 2242 1015 2320 imaginem
1039 2241 1130 2315 eius,
1153 2243 1189 2298 et
1207 2244 1392 2317 accepitne

331 2334 451 2389 notam
479 2331 514 2389 in
542 2332 660 2391 fronte
683 2351 747 2392 sua
770 2334 864 2391 etin
885 2351 1003 2405 manu,
1030 2330 1125 2389 bibit
1150 2331 1286 2405 etipse
1310 2330 1354 2389 de

331 2422 415 2477 vino
439 2421 513 2479 irae
540 2420 597 2479 dei
624 2423 735 2482 mixto
763 2422 800 2480 in
831 2422 963 2497 poculo
995 2421 1071 2479 irae
1100 2418 1191 2493 eius,
1224 2422 1259 2477 et
1287 2440 1353 2495 pu·

331 2508 453 2569 nietur
475 2510 558 2587 igne
576 2513 612 2568 et
630 2510 801 2586 sulphore
825 2510 888 2570 sub
913 2509 1028 2571 oculis
1051 2508 1150 2586 agni,
1172 2511 1207 2567 et
1230 2509 1354 2568 fumus

332 2598 372 2656 de
395 2599 586 2659 tormentis
610 2619 731 2658 eorum
752 2599 789 2659 in
813 2600 960 2659 saecula
977 2598 1203 2659 saeculorum
1225 2615 1353 2657 ascen·
1416 2664 1417 2667 Ἴ

331 2687 404 2761 dat,
432 2707 494 2747 nec
521 2688 704 2748 habebunt
729 2691 890 2764 requiem
918 2688 975 2746 die
998 2706 1037 2746 ac
1059 2689 1163 2745 nocte
1188 2686 1352 2761 quicum·
1369 2710 1394 2750 ss

332 2796 398 2852 que
422 2777 575 2837 adorant
597 2777 751 2838 bestiam
774 2783 810 2837 ct
832 2779 1026 2854 imaginem
1049 2770 1146 2835 eius’

421 2947 439 3001 5
462 2948 518 3003 Jer.
533 2952 615 3016 25,6.
726 2947 763 3003 12
788 2949 865 3019 Very.
879 2948 949 3003 Aca.
969 2947 995 3001 V
1011 2950 1064 3002 331
1087 2944 1134 2999 hic
1157 2944 1266 2999 iuvenis
1290 2946 1352 2999 iam

330 3019 655 3160 {ifftffirpggarlizvgstilglia
668 3036 764 3090 presso
783 3019 855 3075 haut
871 3019 964 3073 tenuit
982 3017 1108 3073 titubata
1125 3015 1186 3071 solo
1206 3017 1270 3085 (Mo
1291 3022 1354 3087 51).

421 3216 437 3269 1
457 3232 493 3269 ne
503 3248 537 3256 —
547 3233 582 3270 ne
596 3219 631 3283 P,
647 3219 719 3287 quod
731 3224 803 3273 tend
817 3218 868 3272 Hc
882 3217 955 3271 ‘cum
969 3232 1062 3271 ceram
1076 3230 1130 3270 esee
1140 3214 1250 3283 possit’.
1279 3213 1305 3266 si
1317 3245 1352 3253 -

330 3289 364 3341 ut
381 3288 431 3341 Fi
469 3305 537 3341 num
552 3320 584 3329 —
600 3306 667 3341 num
686 3290 742 3356 Ba,
761 3296 786 3343 et
803 3291 835 3344 ia
853 3290 925 3342 tanc
942 3289 1106 3342 seutentiam
1124 3286 1196 3341 illud
1214 3301 1250 3338 ne
1268 3286 1351 3339 intel-

330 3360 481 3429 dependam,
500 3361 535 3427 cs.
550 3361 588 3414 ad
607 3364 679 3426 67,3
697 3360 742 3416 aa.
804 3359 823 3414 9
842 3360 868 3413 d.
879 3378 908 3429 p.
924 3358 1047 3412 obstruis
1066 3358 1131 3413 odd.
1196 3356 1295 3411 ardere
1315 3358 1351 3411 P.

366 3430 412 3485 dd.
423 3448 453 3500 p.
469 3431 507 3485 12
525 3431 696 3500 praecipitas
715 3438 740 3485 et
758 3428 797 3483 14
815 3432 953 3499 promitur
971 3437 996 3484 et
1015 3429 1051 3482 17
1072 3427 1222 3482 instruaris
1241 3426 1307 3481 add.

331 3502 369 3555 18
388 3503 494 3557 exitum
514 3504 590 3557 disce
609 3504 654 3569 Sic,
672 3520 741 3572 qaue
759 3502 911 3556 emundatio
930 3508 1004 3555 certo
1022 3503 1054 3567 fit
1072 3502 1104 3553 cl.
1119 3504 1226 3565 45,1o;
1249 3498 1349 3552 exitid.

330 3574 414 3629 Disce
433 3593 485 3645 sup
504 3576 536 3628 P.
592 3574 630 3627 20
649 3573 754 3642 accipit
767 3591 807 3642 pr
825 3590 886 3627 cum
904 3574 954 3627 Fl.
1015 3572 1051 3625 21
1073 3570 1153 3626 bibet
1166 3587 1206 3640 pr
1219 3587 1279 3625 cam
1293 3570 1347 3625 Fr.

330 3645 367 3701 22
386 3645 475 3699 mixta
493 3648 526 3699 P.
600 3645 637 3698 28
657 3644 791 3713 sulphure
809 3644 853 3699 Fi
871 3652 895 3699 et
910 3662 955 3715 pr.

418 3772 489 3838 aas.
506 3771 557 3824 Mo
573 3774 618 3824 so.
710 3769 748 3823 ro
766 3770 802 3836 es.
815 3774 862 3837 24,
873 3775 897 3825 1.
918 3772 999 3838 aas.
