3100 4359
333 387 377 451 28
678 386 816 441 FIRMICI
834 386 1001 440 MATERNI
1096 380 1102 389 '

333 558 366 614 in
397 559 484 615 tauro
515 558 611 631 rapit‘
630 556 710 615 ludit
736 557 769 614 in
801 558 918 632 satyro,
946 557 977 613 et
1008 558 1042 615 ut
1069 555 1202 615 liberalis
1234 556 1268 613 in
1299 554 1346 611 fla·

334 645 417 723 gitiis
450 663 513 704 esse
543 649 727 720 consuescat,
761 644 840 721 quod
871 644 1017 703 inclusam
1050 646 1164 723 regiam
1202 644 1347 721 virginem

334 753 408 793 auro
431 734 556 812 largiter
577 734 687 793 fluente
706 735 879 810 corruperit.
911 732 1076 793 Puerorum
1095 733 1205 810 aliquis
1224 731 1347 791 delecta·

332 827 384 882 tur
413 824 612 900 amplexibus:
640 822 841 900 Ganymedem
869 824 900 881 in
923 824 991 883 sinu
1014 823 1094 883 Iovis
1118 825 1254 899 quaerat,
1278 822 1348 879 Her·

334 912 429 972 culem
452 913 554 972 videat
580 913 691 988 Hylam
718 912 879 989 inpatienti
908 930 1008 972 amore
1036 915 1238 988 quaerentem,
1270 911 1378 986 Hya-s

333 1002 428 1061 cinthi
461 1002 605 1062 desiderio
642 1004 762 1077 captum
800 1001 971 1078 Apollinem
1008 1001 1112 1077 discat,
1151 1000 1349 1077 Chrysippum

334 1091 427 1150 alius'
443 1092 521 1151 alius
543 1090 683 1167 Pelopem
705 1090 820 1166 rideat,
848 1094 882 1149 ut
908 1110 962 1166 per
989 1090 1058 1151 deos
1082 1104 1166 1151 suos·
1180 1090 1239 1150 sibi
1263 1090 1349 1149 licere

334 1180 415 1239 dicat
444 1180 581 1256 quicquit
608 1180 695 1239 hodie
727 1179 913 1239 severissime
941 1179 1084 1239 Romanis
1111 1179 1230 1257 legibus
1256 1178 1351 1238 undi-

299 1273 427 1333 ucatur.
472 1269 631 1329 Adulteria
667 1287 769 1328 eorum
802 1269 902 1328 omnia
939 1286 1111 1329 enumerare
1144 1268 1269 1328 difficile
1301 1270 1351 1343 est,

335 1358 401 1433 quis
437 1358 640 1433 Amymonen·
665 1358 731 1433 quis
767 1357 901 1433 Alopen·
940 1359 1006 1433 quis
1047 1357 1256 1433 Menalippeu·
1288 1356 1350 1433 quis
1363 1374 1381 1412 ιο

335 1446 467 1506 Chionen
499 1446 750 1523 Hippothoenque
782 1447 956 1522 corruperit.
1002 1446 1116 1522 Nempe
1148 1446 1221 1505 deus
1254 1450 1352 1507 vester

334 1536 408 1595 haec
439 1536 542 1595 fecisse
574 1539 762 1594 memoratur.
809 1536 865 1595 ille
897 1554 985 1611 quem
1014 1536 1121 1594 volunt
1147 1537 1260 1595 severis
1290 1554 1352 1594 ora·

335 1626 410 1683 culis
429 1624 592 1683 errantium
610 1624 763 1683 hominum
781 1628 906 1701 peccata
924 1624 1080 1703 corrigere,
1095 1624 1240 1700 Steropen
1259 1629 1351 1683 amat·

334 1714 515 1789 Aethyssam
538 1714 635 1789 rapit·
651 1715 823 1789 Zeuxippes
846 1716 981 1788 stuprat·
998 1714 1116 1789 quaerit
1139 1714 1303 1788 Prothoeu,
1326 1718 1353 1771 et

334 1802 481 1862 Arsinoae
504 1802 641 1861 adultera
664 1803 829 1877 cupiditate
852 1802 1013 1861 blanditur.
1061 1802 1118 1861 Sed
1142 1822 1178 1861 ex
1200 1805 1260 1862 isto
1292 1818 1383 1863 cor-o

334 1896 490 1966 raptarum
513 1891 671 1951 mulierum
694 1910 784 1969 grege
807 1910 867 1951 una
889 1892 991 1967 puella
1018 1895 1184 1951 amatorem
1210 1892 1302 1951 deum
1326 1894 1354 1950 et

224 1998 265 2045 su
276 1992 318 2035 11⁰
336 1980 446 2040 vitavit
469 1984 499 2039 et
521 1980 608 2040 vicit:
636 1980 753 2039 Dafnen
777 1980 915 2039 divinans
938 1972 1039 2061 deuel
1056 1984 1087 2039 et
1109 1981 1213 2039 futura
1235 1981 1354 2056 praedi·

299 2081 316 2128 4
335 2083 421 2129 cens‘
440 2088 494 2128 uec
516 2070 650 2129 invenire
673 2072 774 2146 potuit
796 2088 849 2128 nec
873 2072 1017 2145 stuprare.
1054 2069 1214 2128 Muliebria
1236 2071 1355 2145 patitur

336 2159 445 2235 aliquis
470 2162 499 2217 et
523 2159 692 2219 effeminato
715 2160 833 2235 corpori
856 2159 1001 2217 solacium
1023 2160 1155 2234 quaerit:
1178 2158 1283 2218 videat
1307 2158 1353 2217 Li·

334 2248 437 2307 berum
461 2250 589 2308 amatori
611 2267 664 2307 suo
686 2250 755 2323 post
777 2250 905 2306 mortem
924 2246 1014 2306 etiam
1033 2250 1197 2325 promissae
1215 2244 1384 2307 libidinisu

335 2337 485 2413 praemia'
504 2338 673 2396 imitatione
695 2337 839 2414 flagitiosi
861 2336 959 2396 coitus
981 2340 1196 2412 repensantem.
1243 2336 1278 2395 Si
1304 2338 1353 2413 qui

334 2430 521 2486 monstruoso
550 2426 724 2501 cupiditatis
748 2426 868 2485 ardore·
892 2427 925 2483 in
947 2428 1090 2501 paternae
1113 2428 1193 2485 necis
1216 2430 1354 2485 armatur

335 2516 467 2591 exitium,
490 2535 508 2574 a
530 2514 602 2575 Iove
624 2517 725 2575 sumat
743 2515 904 2575 exordium.
942 2512 1000 2583 Qui
1017 2516 1184 2573 fraternum
1203 2514 1353 2574 desiderat

335 2606 518 2681 sanguinem,
546 2603 750 2680 Corybantum
778 2606 913 2680 sequitur
938 2604 1120 2678 institutum,
1148 2607 1178 2662 et
1203 2606 1352 2663 incestum

424 2719 462 2774 23
479 2720 567 2775 Germ.
574 2722 677 2776 Arotl
688 2719 732 2773 Ab
741 2720 806 2774 Iove
816 2720 987 2789 principium
996 2736 1098 2789 magno
1110 2719 1228 2773 deduxit
1237 2720 1352 2774 Aratus.

425 2844 442 2897 2
462 2846 488 2899 d.
498 2864 529 2914 p.
549 2848 714 2900 consuescat
732 2846 796 2899 cdd.
852 2844 869 2898 a
889 2804 979 2914 aliqui
997 2845 1030 2900 P.
1061 2844 1105 2898 <b
1123 2844 1233 2898 uideat·
1251 2840 1353 2913 hylam

335 2914 506 2984 inpatientia
523 2919 600 2971 mord
618 2918 753 2984 querente
773 2915 921 2984 hyacinthi
940 2918 973 2971 P.
1065 2915 1083 2968 6
1102 2914 1234 2985 apolline,
1258 2916 1354 2970 discat

335 2986 489 3056 chrysippei
504 2989 536 3041 P.
599 2988 637 3042 le
652 2987 719 3051 Quia
733 2989 894 3041 amumone·
910 2987 972 3055 quis
988 2986 1080 3057 slope·
1097 2986 1160 3055 quis
1174 2984 1351 3058 menalippe·

335 3058 398 3126 quis
417 3057 517 3112 chione
531 3058 720 3129 ippothcenqs
736 3060 1003 3127 Respectumque
1014 3058 1072 3113 Wo.
1138 3056 1175 3111 14
1193 3058 1351 3113 Aethueam

330 3147 371 3211 ΡΥ
386 3130 520 3254 ΜΨ
540 3130 694 3257 iulet
712 3130 904 3255 ⁶⁰'i⁹i”ii{1a
922 3129 1069 3255 sitiit
1085 3162 1117 3169 “
1131 3128 1353 3256 quodque}

335 3216 582 3340 bldlabbicdnesmodd.
671 3244 708 3325 lb
727 3273 856 3341 suupere
874 3273 902 3325 P
919 3272 966 3338 (cs.
984 3244 1064 3337 18,1'.
1088 3219 1222 3340 Wczftbii'
1230 3274 1349 3340 Arabs.

335 3344 404 3397 Lex.
418 3343 467 3397 IV
479 3347 517 3411 1).
589 3342 625 3397 21
646 3344 855 3413 d.p.praemia
873 3343 938 3397 odd.
1011 3342 1049 3396 22
1067 3345 1224 3397 mostruoso
1244 3345 1277 3397 P.

335 3413 373 3467 23
392 3413 546 3468 desiderat·
566 3414 703 3484 sanguine
722 3414 877 3482 corybantfi
896 3415 928 3468 P.
1011 3412 1049 3468 24
1068 3417 1203 3483 sequatur
1219 3416 1278 3469 eda.
1296 3434 1350 3471 om·

333 3502 381 3539 aes
398 3487 553 3557 rhythmum
572 3487 688 3541 delcatw
706 3488 908 3555 (noema).

424 3572 553 3630 eMots.
566 3577 663 3642 233‚7
686 3574 735 3644 qui
757 3574 872 3628 incestis
895 3572 1070 3628 delectentur
1093 3573 1277 3643 amplexibus.

334 3645 460 3712 boflod
479 3651 541 3714 8,1.
642 3645 677 3700 17
698 3647 883 3712 ofiad11,3.
989 3644 1026 3699 19
1046 3642 1207 3700 effeminato
1226 3646 1350 3715 corpori:

333 3717 369 3783 cf.
386 3719 477 3772 Molle.
492 3715 616 3771 LXXF
625 3718 664 3771 II
678 3722 723 3772 26.
753 3714 997 3771 LXX1X⁰11c
1108 3714 1146 3770 22
1164 3718 1305 3785 cf.31,19
1326 3722 1351 3771 ct

335 3788 426 3843 Molle.
444 3792 487 3855 76,
498 3792 542 3842 13:
561 3788 597 3842 ab
616 3788 769 3858 horoscopo
789 3803 899 3856 semper
917 3787 1005 3841 sumit
1023 3787 1176 3842 exordium.
