3100 4359
645 1061 940 1136 PRAEFATIO.

373 1277 548 1339 Matthias
567 1278 715 1339 Flauius
737 1279 912 1354 illyrious
935 1281 1072 1339 strenuus
1090 1278 1217 1338 Lutheri
1235 1297 1286 1338 suo
1309 1293 1350 1355 §1

285 1359 414 1449 eessor¹)
438 1368 510 1426 dum
531 1370 565 1426 in
586 1368 798 1428 oonseribenda
821 1362 959 1428 ‘historia
982 1363 1193 1428 eeclesiastioa'
1214 1386 1322 1430 ooou·.

283 1461 373 1533 patus
404 1456 601 1517 bibliothecas
638 1460 701 1516 aori
736 1457 835 1517 studio
867 1460 1084 1534 perscrutatur,
1116 1457 1235 1516 Mindae
1267 1458 1299 1515 in

284 1545 415 1605 eodieem
441 1546 590 1622 quendam
617 1545 723 1605 incidit
751 1545 951 1606 continentem
975 1541 1055 1622 ‘Inlij
1083 1539 1209 1605 Firmioi
1235 1546 1298 1604 Ma·

283 1635 362 1694 terni
384 1635 420 1694 V.
440 1633 471 1694 Ο.
492 1637 527 1694 de
551 1653 649 1695 errore
671 1637 865 1712 profanarum
888 1636 1066 1714 religionum
1093 1636 1131 1694 ad
1155 1635 1298 1695 Constan-

283 1724 361 1782 tium
387 1725 411 1782 b
438 1723 632 1784 Constantem
654 1724 808 1802 Augustos
835 1720 966 1795 librum',
995 1743 1082 1801 quem
1110 1743 1177 1783 oum
1201 1728 1231 1783 et
1253 1726 1297 1783 in·

284 1813 398 1871 editum
416 1831 479 1873 esse
498 1817 689 1892 eognosoeret
702 1817 733 1874 et
747 1809 968 1892 ‘dignissimum
980 1814 1116 1873 libellum
1131 1815 1183 1890 qui
1196 1809 1298 1889 extet',

284 1905 416 1962 censeret
444 1898 521 1962 ‘tum
547 1905 671 1979 propter
698 1905 842 1963 sermonis
869 1901 1057 1980 elegantiam,
1083 1907 1149 1963 tum
1175 1906 1300 1979 propter

282 1993 444 2052 vetustatis
466 1992 612 2051 Ethnioae
636 1993 724 2051 simul
748 1996 779 2052 et
799 1991 994 2068 Christianae,
1018 1994 1149 2069 quaein
1172 2011 1205 2051 eo
1229 2010 1298 2051 oon·

282 2081 398 2139 tinetur
414 2081 615 2159 cognitionem
622 2074 639 2155 ',
656 2083 739 2158 typis
756 2081 958 2141 mandandum
979 2083 1097 2142 curarit
1114 2081 1298 2160 Argentinae

283 2169 363 2246 apud
381 2169 511 2229 Paulum
524 2170 800 2247 Maohaeropoenm,
822 2171 988 2247 sumptibus
1006 2171 1148 2231 Iohannis
1163 2167 1297 2247 Oporini,

282 2276 361 2318 anno
392 2258 545 2318 MDLXII.
600 2260 698 2318 'l‘anta
734 2262 837 2318 autem
873 2259 1063 2338 neglegentia
1093 2277 1213 2318 munere
1243 2277 1296 2319 suo

281 2348 402 2407 funotus
426 2351 471 2408 est
488 2348 608 2408 Flaoius
631 2367 700 2408 oum
722 2350 755 2408 in
777 2350 862 2408 textu
879 2348 989 2408 Latino
1008 2348 1214 2409 constituendo
1232 2350 1298 2406 tum

280 2438 314 2494 in
337 2437 536 2513 exprimendis
558 2437 657 2498 verbis
680 2436 801 2498 Graecis
825 2457 861 2498 ex
881 2437 1011 2498 Homero
1034 2437 1082 2497 vel
1106 2437 1225 2497 aliunde
1249 2457 1297 2496 ex·

281 2527 391 2602 oerptis
416 2559 447 2567 -
475 2546 552 2603 quae
580 2545 670 2603 quam
698 2528 813 2604 spurois
840 2527 955 2586 mendis
982 2527 1132 2601 horreant,
1161 2526 1210 2585 vix
1237 2526 1297 2585 diei

280 2617 383 2691 potest
405 2645 462 2689 —,
486 2618 521 2675 ut
551 2616 701 2692 permulta
732 2614 917 2675 emendanda
948 2616 1074 2692 posteris
1105 2615 1296 2692 relinqueret,

280 2706 335 2780 qni
361 2705 394 2762 in
420 2705 607 2765 resaroiendo
634 2708 717 2765 textu
746 2705 784 2764 ab
808 2705 921 2765 editore
944 2707 1040 2781 primo
1064 2704 1221 2764 obscurato
1243 2723 1295 2780 po·

279 2793 342 2852 tius
374 2811 467 2869 quam
497 2796 530 2852 in
558 2794 656 2853 luoem
685 2794 766 2853 edito
798 2795 928 2853 multum
964 2794 1076 2854 frustra
1113 2793 1297 2854 desudarunt

279 2885 453 2959 propterea,
481 2882 562 2959 quod
588 2883 684 2943 Flaoii
711 2883 841 2942 oodioem
869 2902 923 2960 per
954 2886 1002 2942 ter
1032 2885 1170 2942 centenos
1204 2901 1295 2942 annos

278 2971 414 3031 invenire
437 2974 468 3030 et
489 2973 635 3048 inspieere
657 2991 716 3033 non
739 2975 911 3048 potuertmt.
952 3043 955 3050 Ι

369 3059 489 3120 Primus
520 3062 617 3139 igitur
646 3065 715 3138 post
746 3061 883 3120 Flaoium
914 3061 1067 3121 Ioannes
1100 3079 1118 3120 a
1150 3061 1295 3136 Wower,

279 3151 365 3209 ouius
388 3149 491 3209 editio
505 3169 582 3210 anno
605 3149 736 3209 MDOHI
759 3169 794 3209 ex
816 3150 992 3226 bibliopolio
1013 3149 1201 3209 Frobeniano
1227 3168 1295 3225 pro·

278 3239 338 3298 diit
355 3231 562 3320 (Hamburgi),
583 3240 713 3299 Firmioo
737 3258 859 3316 operam
882 3239 1072 3316 studiumque
1094 3241 1138 3298 ita
1161 3240 1295 3314 navavit,

277 3332 316 3387 ut
332 3330 398 3387 iure
420 3328 453 3386 in
476 3329 556 3387 oaloe
578 3329 674 3388 libelli
695 3327 841 3407 glorietur
863 3323 911 3388 ‘ex
934 3327 1136 3403 subverbusto,
1159 3331 1196 3388 ut
1218 3327 1294 3387 anti·

279 3419 334 3493 qui
363 3415 573 3493 loquebantur,
603 3437 665 3478 non
696 3417 875 3493 dedititium,
907 3417 959 3476 sed
990 3418 1022 3476 in
1054 3417 1186 3476 fraudem
1219 3417 1294 3495 legis

277 3506 384 3566 Aeliae
408 3505 528 3566 Sentias
550 3509 647 3567 einem
668 3501 848 3566 Romanum'
873 3507 1034 3567 Firmioum
1057 3526 1088 3568 se
1110 3506 1223 3567 feoisse.
1264 3504 1294 3565 ls

370 3696 397 3764 1)
416 3692 457 3749 cf.
472 3693 608 3749 Wilhelm
625 3695 736 3766 Preger,
754 3655 855 3749 Matth.
870 3694 945 3748 Flae.
961 3694 1036 3764 illyr.
1051 3694 1110 3748 und
1129 3694 1205 3748 seine
1224 3693 1292 3759 Zeit,

277 3764 384 3834 2voll,
402 3765 545 3837 Erlangen
564 3767 695 3837 raasson
