3100 4359
681 395 696 452 ξ
716 394 732 440 6
759 415 766 444 z
1114 388 1220 442 XXXV

202 558 298 615 utihn
318 555 357 614 ad
380 556 556 622 refellendas
574 557 767 632 profanarum
785 556 962 634 religionum
982 557 1222 633 superstitiones.

202 645 320 704 Etenim
350 647 377 705 si
404 646 574 704 memineris
604 647 702 721 capite
724 645 757 703 11
783 645 946 704 Hirmicum
975 647 1113 706 tractatis
1142 649 1217 722 ipsis

202 731 328 794 Osiridis
351 734 502 794 sacrm-dc
525 733 677 811 physica
699 734 842 794 ratione
866 735 970 812 egisse,
993 754 1083 811 quam
1108 731 1216 795 ‘saero-

199 843 266 881 rum
295 818 475 886 defensores’
501 817 599 903 (velut
620 823 819 899 Porphyrius,
848 823 884 884 cf.
907 823 982 884 XIII
1001 815 1036 903 4)
1049 855 1052 862 ·
1066 823 1220 901 adderent,

200 931 327 988 eamque
345 912 453 971 acriter
470 914 692 990 inpugnamus,
714 931 805 988 porro
825 914 850 971 si
868 915 900 972 iu
919 912 1016 989 capite
1034 913 1082 970 ΙΠ
1099 913 1217 991 legeris,

199 1021 276 1078 quae
299 1000 344 1060 ibi
366 1000 469 1060 eodem
491 1001 579 1061 modo
602 1001 699 1076 primo
716 1002 783 1061 loco
807 1001 843 1061 de
865 1001 939 1078 ipsis
961 1001 1089 1079 Magnae
1110 1002 1217 1062 Matris

198 1094 229 1149 et
250 1089 367 1150 Attdis
399 1092 504 1165 sacris,
536 1091 631 1150 altero
663 1089 700 1153 de
731 1091 856 1166 physica
887 1092 1003 1150 ratione
1031 1096 1217 1167 enarrantur,

196 1182 260 1238 iam
278 1199 328 1256 ap
339 1182 416 1238 eum
434 1182 488 1253 est,
512 1197 641 1254 quonam
659 1179 780 1240 vinculo
797 1179 955 1239 Platonica
973 1182 1090 1239 animae
1109 1182 1216 1256 triper-

196 1270 268 1328 titio
300 1286 367 1327 cmu
396 1269 541 1346 religione
570 1268 716 1328 triformis
738 1269 822 1328 illius
847 1269 1062 1344 qualiscunque
1083 1269 1223 1329 Hecatae

198 1391 240 1398 —
264 1376 337 1418 nam
361 1357 495 1416 ‘Mittam
516 1352 615 1416 deam'
637 1375 754 1416 merum
768 1356 915 1418 Herodoti
934 1361 1134 1421 commentum
1152 1377 1214 1418 esse

196 1465 251 1506 nec
274 1447 437 1523 quicquam
465 1464 620 1505 commune
646 1446 755 1505 habere
770 1448 882 1522 *ipsum
905 1446 1047 1505 Mithram
1071 1466 1138 1506 cum
1162 1447 1223 1508 dan

196 1536 263 1596 ulla
294 1535 427 1594 triformi
456 1535 588 1595 affirmat
618 1535 746 1594 Oumont
768 1537 787 1594 l.
812 1553 835 1594 c.
859 1535 890 1594 11
913 1556 941 1612 p.
964 1537 1003 1595 17
1029 1567 1072 1576 -—
1095 1538 1224 1596 coniuna

197 1628 298 1703 gatur.
336 1624 392 1683 Est
408 1625 534 1701 physice
553 1626 644 1699 rufio,
668 1627 714 1685 est
735 1624 900 1701 symbolica
917 1626 1137 1702 interpretatio,
1156 1644 1216 1701 qua

196 1714 367 1777 defensores
390 1731 541 1773 sacronun
563 1713 648 1774 illius
671 1714 743 1772 deae
763 1713 942 1780 chaldaicae
966 1705 1216 1794 (Oumontl.o.1

195 1824 223 1878 p.
249 1805 294 1862 29
324 1802 390 1862 adn
417 1805 451 1876 73
479 1802 511 1860 Π
533 1821 561 1878 p.
582 1805 624 1863 14
648 1803 729 1874 adn3
752 1802 847 1876 Kroll,
870 1802 906 1862 de
930 1821 1006 1861 orac.
1038 1802 1216 1880 chaldaicis,

194 1892 323 1952 Vratdel.
349 1892 449 1965 1894,
471 1911 499 1968 p.
524 1881 673 1971 28aq.¹)),
705 1911 796 1967 quarn
827 1895 938 1951 temere
970 1892 1117 1952 Firmicus
1149 1912 1216 1952 cum

194 1982 312 2044 Mithra
348 1981 547 2055 commiscuit,
587 1981 746 2040 conciliare
782 1981 942 2059 religiones
983 1981 1111 2042 traditas
1148 2001 1215 2042 cum

195 2070 337 2130 doctrina
366 2069 577 2146 :philosophica
614 2069 782 2129 studebant.
842 2068 1039 2129 Consentiunt
1074 2073 1153 2131 inter
1185 2089 1216 2130 se

194 2161 338 2219 accurate
360 2160 420 2218 tres
443 2159 515 2218 deae
537 2159 652 2218 formae
676 2162 706 2218 et
728 2163 789 2218 tres
813 2159 930 2218 animae
957 2161 1066 2235 partes.
1112 2160 1215 2220 Prima

193 2266 267 2324 para
292 2265 369 2324 quae
396 2251 430 2306 at
451 2252 568 2307 arenata
591 2248 688 2323 clypea
717 2248 810 2308 lorica
837 2252 909 2308 tecta
933 2250 1076 2308 adoratur
1100 2252 1217 2323 pariter

193 2343 221 2398 ct
243 2341 443 2405 consecrem,
473 2339 520 2395 ira
549 2341 595 2396 est
616 2338 771 2412 incapite
795 2338 967 2396 constituta.
1013 2337 1120 2396 Altera
1142 2337 1215 2397 deae

193 2445 275 2503 para,
295 2443 370 2500 quae
382 2427 416 2484 ia
429 2428 542 2499 asperis
559 2427 730 2498 sonasque
746 2427 890 2489 silvarum
908 2428 1065 2502 agerentiam
1082 2428 1216 2499 ferarum

193 2519 320 2580 sortitur
340 2517 505 2588 tapetam,
526 2516 574 2573 ita
590 2515 638 2574 ad·
652 2519 782 2574 mentem
806 2515 931 2574 alteram
954 2517 1072 2574 animae
1098 2518 1220 2591 partem,

192 2606 341 2680 refertur,
356 2607 484 2668 ¹utcor
511 2605 545 2662 in
575 2623 633 2681 quo
663 2622 746 2670 meus
768 2604 904 2679 ponitur,
935 2604 1119 2663 &casarum
1142 2607 1215 2678 capt·
1241 2668 1244 2675 ,

192 2697 341 2756 mmmm
363 2694 539 2763 vamtatem,
555 2710 642 2766 auae
668 2692 824 2766 amtttpbici
846 2695 1001 2752 autenticae
1029 2695 1215 2766 campanae,

192 2787 226 2842 ia
248 2783 371 2842 modam
393 2783 538 2842 ahmam
560 2786 654 2842 tcum
676 2781 801 2842 dicatur.
840 2782 941 2841 Tertia
960 2782 1091 2841 Hecatae
1109 2783 1216 2859 forma,

193 2890 271 2946 quae
304 2871 460 2930 thumum
491 2873 570 2940 ctae,
602 2889 677 2945 quaa
701 2888 803 2945 prava
835 2871 1006 2939 desiderias
1026 2881 1101 2945 qaae
1126 2889 1221 2945 prae-2

189 2965 328 3034 portame
359 2962 528 3034 copiditatte
558 2964 702 3020 mameae
736 2961 908 3028 inlecebras,
945 2959 1073 3020 tertiam·
1098 2962 1215 3020 animae

193 3053 315 3126 partam
337 3049 486 3128 significat
507 3050 660 3116 iniecere
681 3051 885 3125 constituam,
909 3051 986 3109 aede
1008 3050 1098 3109 libido
1120 3052 1221 3110 naua-²

195 3145 247 3198 tar
270 3143 298 3197 et
318 3139 460 3211 coeptae
504 3139 570 3197 Iam
593 3139 670 3198 nihil
692 3138 748 3198 hoc
770 3138 836 3198 loco
859 3138 1026 3198 obscurum.

288 3226 359 3303 (lap.
383 3227 450 3286 V3
474 3228 548 3287 olim
569 3228 677 3288 incerti
699 3227 907 3301 haerebamus,
937 3227 1080 3302 quidnam
1108 3247 1215 3287 manus

291 3362 315 3429 l)
333 3359 395 3414 Hoc
411 3359 474 3416 loeo
492 3362 620 3431 inspecto
640 3366 790 3432 cognosces
807 3360 910 3414 mirum
925 3361 954 3414 in
969 3361 1083 3416 modum
1099 3378 1215 3415 consen-

194 3432 252 3486 tire
270 3448 336 3486 cnm
357 3432 488 3486 doctrina
511 3449 529 3486 a
546 3433 668 3487 Firmico
691 3432 799 3486 tradita
819 3431 895 3487 locos
915 3433 1071 3503 complures
1089 3432 1214 3486 Platoni·

195 3519 294 3558 eorum
320 3501 566 3572 philosophorum,
598 3504 701 3572 quibua
725 3503 759 3557 de
783 3503 892 3559 Hecate
916 3504 1027 3560 animae
1054 3504 1132 3558 fonte
1158 3504 1215 3557 dia-

196 3579 303 3642 aerunt,
327 3574 485 3644 quibusque
508 3575 596 3628 etiam
620 3592 693 3644 quae
716 3575 790 3647 patio
809 3575 847 3628 sit
864 3575 909 3628 ilh'
927 3575 1051 3632 Hecatae
1070 3592 1134 3629 curn
1152 3574 1214 3646 igni

196 3646 251 3701 deo
269 3645 437 3699 illustratur.
475 3645 553 3711 Quae
576 3642 617 3699 ibi
640 3644 762 3701 breviter
786 3646 971 3716 stringrmtur,
994 3645 1110 3702 Firmici
1133 3645 1213 3700 teati-

195 3717 293 3772 monio
311 3733 386 3770 nunc
405 3717 475 3771 ratis
493 3715 640 3772 intellecto
658 3717 759 3771 melina
779 3718 962 3787 explicantur.
1000 3719 1041 3774 De
1059 3718 1113 3774 hoc
1132 3735 1213 3790 argu·

196 3792 294 3843 mento
313 3788 435 3842 domasse
452 3787 511 3844 alio
529 3787 592 3843 loco
610 3788 701 3842 ineius
719 3805 843 3858 agemus.
914 3813 916 3820 ·

1022 3877 1055 3930 C.
