3100 4359
337 393 384 446 DE
403 393 550 448 ERRORE
568 393 672 447 PROF.
686 393 767 448 ΗΕΒ.
787 392 863 447 cAP.
878 392 1055 447 XVI—XVII
1157 393 1199 458 41

198 566 255 621 toto
277 582 380 638 sparsa
399 564 481 623 eaelo
499 583 593 640 vagos
612 581 715 623 cursus
734 564 823 621 certis
843 563 1026 621 emetiuntur
1045 558 1202 637 erroribus,

199 652 243 709 sed
263 652 329 711 ideo
353 652 404 711 Sol
428 642 602 729 'appellatur
625 654 698 728 quia
720 670 787 710 cum
815 654 897 710 ortus
922 652 1014 709 fuerit
1037 651 1203 711 obscuratis

198 745 294 800 ceteris
316 742 460 801 sideribus
483 745 582 801 luceat
604 742 694 801 solus.
730 742 817 799 Luna
836 743 927 799 etiam
945 772 990 781 -
1007 742 1080 799 haec
1100 740 1203 799 eadem
1221 746 1238 793 a

198 830 302 889 Lucina
320 864 357 872 -
375 851 393 889 a
410 835 555 891 nocturno
578 832 690 889 lumine
713 849 821 889 nomen
845 831 967 905 accepit.
1002 830 1088 889 Hanc
1111 832 1202 888 etiam

176 921 313 994 squidem
339 920 469 979 Dianam
495 921 555 980 dici
581 921 749 992 voluerunt,
778 920 857 995 quod
884 923 1077 994 pernoctem
1100 919 1202 979 lucens

197 1009 361 1069 bominibus
392 1011 519 1069 alterum
551 1028 645 1085 paene
675 1009 754 1067 diem
786 1009 887 1067 faciat.
932 1008 1015 1067 Mare
1048 1012 1154 1067 nantes
1184 1027 1203 1067 a

196 1099 321 1160 natando
349 1100 523 1175 Neptunum
551 1100 611 1158 dici
637 1099 805 1172 voluerunt,
829 1116 907 1153 *a*
934 1101 964 1157 et
986 1117 1021 1155 ex
1043 1097 1099 1155 hoc
1123 1098 1203 1173 quod

195 1187 316 1248 libenter
338 1189 488 1247 faciebant
511 1188 710 1248 substantiam
733 1189 863 1246 nominis
886 1186 1058 1263 figurantes.
1100 1188 1202 1245 Terre-

195 1296 259 1334 nam
285 1279 348 1336 vim
375 1298 491 1337 omnem
521 1279 611 1354 atque
637 1280 789 1336 naturam·
820 1276 922 1334 Ditem
946 1279 1064 1351 petrem
1091 1276 1203 1350 dicunt,

163 1385 184 1423 u
197 1367 261 1440 quia
283 1368 357 1427 haec
379 1370 425 1426 est
447 1370 557 1426 natura
578 1370 676 1426 terrae
700 1370 734 1425 ut
757 1368 787 1424 et
810 1360 946 1424 recidant
968 1368 999 1424 in
1019 1385 1084 1424 eam
1103 1366 1204 1424 omnia

196 1458 222 1512 et
241 1476 346 1516 rursus
371 1477 405 1516 ex
428 1476 464 1515 ea
487 1459 554 1516 orta
576 1455 747 1532 procedant,
771 1473 848 1531 quae
870 1473 917 1513 res
936 1456 1122 1531 opulentiam
1145 1457 1203 1513 ter-

194 1560 252 1602 rae·
275 1546 457 1622 divitiasque
480 1546 666 1605 monstravit.
713 1545 844 1621 Frugum
873 1544 1073 1603 substantiam
1098 1546 1240 1604 volunt3

194 1632 398 1712 Proserpinam
422 1636 527 1709 dicere,
555 1636 627 1710 quia
649 1628 751 1711 fruges
773 1633 944 1692 hominibus
968 1652 1034 1692 cum
1058 1635 1117 1693 seri
1140 1653 1204 1692 eoe-

194 1727 287 1797 perint
300 1729 434 1801 prosunt.
459 1726 581 1783 Terram
593 1726 691 1799 ipsam
704 1723 840 1782 Cererem
853 1724 1018 1795 nominant,
1028 1741 1134 1782 nomen
1148 1723 1205 1782 hoc

162 1835 182 1873 n
194 1807 249 1891 (a)
263 1815 401 1891 gerendis
415 1813 561 1873 fructibus
576 1815 714 1871 mutuati.
738 1813 784 1870 En
797 1812 944 1870 bellorum
958 1812 1074 1871 casibus
1083 1812 1204 1871 Mavors

194 1921 295 1961 nomen
326 1904 450 1978 aceepit,
481 1905 567 1978 quasi
598 1920 708 1979 magna
740 1904 848 1960 vertat.
893 1901 1029 1960 Minerva
1066 1902 1205 1961 similiter

193 1990 328 2051 bellicum
365 2012 472 2051 nomen
509 1996 568 2068 est,
606 1993 695 2066 qnasi
731 1994 785 2050 aut
821 1992 938 2049 minuat
974 1993 1028 2049 aut
1063 1993 1159 2049 minet
1198 2037 1203 2047 .

193 2079 337 2142 Venustus
374 2082 527 2140 homiuum
555 2080 655 2139 Venus
689 2081 771 2139 dieta
808 2083 860 2139 est.
911 2079 1060 2155 Apollinis
1096 2099 1204 2139 nomen

193 2188 225 2227 er
246 2172 385 2230 humanis
407 2171 573 2229 finexerunt
594 2170 710 2229 casibus
735 2188 869 2229 sermone
893 2167 1014 2244 Graeco,
1037 2171 1124 2244 quasi
1143 2189 1204 2227 om-

278 2398 296 2449 ἵ)
317 2397 371 2449 Cic.
386 2414 414 2450 n.
429 2397 455 2450 d.
470 2397 509 2449 ΙΙ
524 2400 560 2449 69
587 2394 679 2448 Diana
706 2395 792 2460 dieta,
821 2394 887 2463 quia
912 2397 998 2448 noctu
1023 2395 1104 2464 quasi
1130 2394 1204 2448 diem

194 2465 320 2521 efficeret.
403 2467 422 2520 6
442 2467 497 2522 Cic.
512 2468 551 2521 ΙΙ
566 2472 603 2521 66
623 2467 721 2520 datum
739 2471 783 2519 est
801 2466 890 2536 igitur
906 2465 1038 2535 Neptuno
1120 2467 1203 2519 mari·

193 2538 289 2592 timum
318 2556 400 2592 omne
427 2555 554 2608 regnum,
582 2555 738 2606 nomenque
764 2538 941 2607 productum,
964 2542 997 2591 ut
1024 2538 1163 2591 Portunus
1188 2556 1205 2591 a

194 2613 280 2676 portu,
295 2611 336 2664 sic
350 2610 498 2679 Neptunus
517 2628 534 2663 a
552 2610 646 2663 nando
664 2609 782 2679 paulum
800 2609 897 2678 primis
916 2609 1019 2663 litteris
1038 2610 1203 2663 immutatis.

194 2680 310 2735 Terrena
329 2685 424 2735 autem
441 2682 484 2735 ris
502 2682 592 2735 omnis
611 2685 695 2748 atque
714 2685 815 2735 natura
833 2681 893 2734 Diti
911 2682 986 2749 patri
1004 2682 1135 2735 dedicata
1153 2684 1205 2748 est,

194 2754 239 2818 qui
255 2753 349 2819 Dives,
368 2757 401 2806 ut
424 2754 500 2822 apud
523 2752 643 2807 Graecos
662 2753 807 2819 Πλούτων,
830 2753 897 2820 quia
916 2756 944 2807 et
962 2753 1092 2807 recidunt
1110 2754 1205 2806 omnia

193 2823 220 2876 in
241 2828 330 2878 terras
355 2828 384 2877 et
406 2825 534 2878 oriuntur
557 2841 571 2876 e
595 2824 683 2878 terris.
723 2823 774 2878 Cui
793 2824 932 2896 <nuptam
956 2824 1075 2896 dicunt>
1094 2824 1203 2878 Proser-

193 2895 295 2963 pinam,
314 2897 390 2964 qnod
410 2895 578 2950 Graecomm
597 2913 698 2949 nomen
717 2901 772 2962 est,
793 2912 826 2949 ea
845 2897 920 2950 enim
939 2901 989 2964 est,
1009 2913 1081 2965 quae
1100 2900 1204 2963 Περσε-

194 2964 264 3036 φόνη
289 2967 395 3021 Graece
414 2968 583 3033 nominatur,
602 2983 688 3036 quam
705 2968 819 3038 frugum
838 2985 932 3021 semen
956 2985 1016 3022 esse
1039 2967 1137 3022 volunt
1155 2967 1203 3021 ab·

194 3040 403 3107 sconditamque
433 3039 531 3107 quaeri
559 3057 576 3092 a
603 3043 693 3093 matre
720 3040 839 3109 fingunt.
876 3040 968 3093 Mater
995 3044 1089 3095 autem
1117 3043 1160 3094 est
1187 3056 1205 3093 a

194 3112 319 3178 gerendis
346 3110 475 3180 frugibus
503 3110 584 3165 Ceres
611 3114 757 3180 tamquam
777 3110 861 3165 Geras
942 3114 1002 3166 Iam
1025 3113 1074 3183 qui
1100 3127 1205 3181 magna

193 3186 310 3237 verteret
332 3183 451 3251 Mavors,
477 3182 602 3236 Minerva
625 3185 720 3236 autem
743 3198 815 3251 quae
834 3182 879 3237 vel
896 3184 1035 3237 minueret
1052 3183 1096 3237 vel
1115 3183 1203 3237 mina-

193 3256 273 3307 netum.
339 3253 376 3307 18
397 3255 451 3308 Cic.
468 3256 504 3308 ΙΙ
520 3259 555 3309 69
579 3253 656 3319 Quae
675 3258 770 3308 autem
791 3255 843 3308 dea
861 3255 898 3308 ad
916 3273 960 3309 res
980 3274 1074 3310 omnes
1089 3256 1204 3321 veniret,

279 3434 296 3488 1
317 3433 401 3487 certis
415 3433 595 3503 elmetiuntur
609 3434 642 3498 P,
657 3433 714 3486 suis
728 3434 883 3487 metiuntur
897 3452 942 3503 pr.
1013 3435 1026 3486 7
1043 3436 1205 3489 serctentiam

196 3509 221 3555 et
233 3523 266 3558 ex
279 3506 334 3559 hoc
348 3537 382 3545 -
396 3506 548 3575 ligruantes
563 3507 601 3559 ad
614 3523 646 3558 eo
662 3523 731 3573 qnae
748 3512 900 3573 sequnntur·
918 3507 1069 3571 referebant
1088 3508 1204 3573 priores,

196 3584 290 3631 rectum
313 3578 513 3633 distinctionem
538 3578 665 3631 adtribuit
689 3577 727 3629 St
748 3578 832 3631 deleto
856 3579 884 3629 et
907 3584 971 3646 post
992 3576 1147 3643 voluerunt,
1168 3578 1203 3643 cs.

192 3650 277 3716 praef.
288 3668 318 3717 p.
334 3650 403 3703 XX.
476 3647 665 3719 Sligurantes
684 3648 835 3702 Terrenam
854 3649 886 3700 P.
961 3648 998 3701 10
1017 3649 1081 3701 inea
1100 3650 1133 3703 P.

196 3717 230 3771 14
247 3724 416 3789 proserpunt
437 3721 473 3774 Oe
492 3722 540 3786 (cf.
555 3721 658 3774 Arnob.
673 3720 730 3773 ΠΙ
744 3723 801 3786 33),
825 3726 855 3773 ar
878 3720 966 3773 obstat
984 3721 1118 3774 clausula.

198 3789 230 3842 lb
249 3810 265 3844 a
283 3792 413 3846 adnm
480 3791 514 3844 17
536 3792 603 3859 dp.
620 3794 662 3845 est
681 3792 744 3845 aud.
