3100 4359
219 689 311 764 IULI
337 691 523 765 FIRMIOI
548 691 773 765 MATERNI
802 693 833 763 V
859 691 889 765 O
915 691 982 766 DE
1009 692 1200 766 ERRORE}

366 817 700 890 PROFANARUM
727 817 1051 890 RELIGIONUM·

219 969 1197 1010 *ssrsssesrsssssssse

368 1061 491 1128 (Desunt
506 1061 579 1128 folia
596 1062 652 1115 dno
670 1061 780 1127 mdicn,
797 1078 821 1114 v.
832 1061 924 1129 praef.
934 1079 964 1130 p.
980 1061 1048 1129 IX.)

203 1193 278 1265 quod
296 1195 329 1251 in
343 1193 540 1253 fabricatione
556 1194 651 1253 homi-
667 1183 747 1280 s⁰³1··¹'
761 1195 838 1266 quod
855 1196 887 1253 in
905 1194 1104 1267 fubriveoione
1120 1195 1215 1254 homi·
1230 1195 1366 1246 (arreum)

286 1365 325 1418 In
347 1364 522 1418 restituendis
541 1363 660 1418 Fimici
681 1365 769 1418 verbis
792 1363 909 1430 infolio
928 1369 958 1416 1⁷
975 1366 1086 1432 scriptis
1108 1365 1139 1419 id
1158 1383 1215 1419 mo·

201 1436 269 1488 vinu
293 1436 489 1504 spedavimus,
516 1453 550 1489 ne
572 1436 681 1490 diutius
705 1434 824 1489 Fimici
845 1451 899 1489 esse
920 1435 1071 1502 ferrentur,
1095 1453 1215 1504 quaere

201 1522 261 1561 vera
288 1524 302 1560 e
326 1506 422 1561 Flavii
448 1509 558 1579 invenio
580 1513 643 1562 orta
663 1512 737 1573 eunt,
755 1507 880 1574 quisuis
898 1509 1053 1562 comnrentis
1071 1513 1103 1560 ut
1120 1508 1214 1562 editio·

200 1595 257 1632 nera
275 1580 318 1633 ita
336 1581 428 1647 ipsum
446 1579 563 1633 codicem
580 1595 684 1648 parum
706 1578 823 1644 feliciter
845 1579 986 1632 emendare
1006 1579 1121 1632 studuit.
1155 1579 1216 1633 Nos

199 1649 285 1719 ivitiu
302 1651 336 1703 in
354 1651 482 1704 cobiuma
498 1650 616 1705 einum
633 1650 788 1704 cabuanus
806 1655 909 1703 teubem
928 1651 963 1704 ab
982 1651 1042 1718 ipso
1061 1651 1175 1706 lebrmiv
1190 1652 1218 1705 P

199 1722 331 1791 emptum
353 1728 434 1790 atque
456 1721 587 1776 addimur
604 1723 685 1775 unus
702 1722 811 1775 inclusa
831 1737 872 1787 ea,
891 1738 960 1789 quae
979 1739 997 1774 v
1017 1721 1120 1775 Flavio
1137 1737 1215 1776 reno-

199 1799 263 1847 vata
280 1795 338 1847 sive
357 1794 511 1847 litterar-um
529 1793 626 1860 formis
639 1794 764 1861 priscam
782 1793 949 1860 scribturam
962 1795 1109 1847 servavisse
1121 1793 1215 1847 videu-

199 1870 244 1918 tur
260 1867 317 1918 siue
334 1866 482 1918 sentmtiae
496 1870 562 1932 apta
575 1870 679 1918 suntet
688 1863 859 1918 Firmiciaui
872 1864 982 1918 dionidi
994 1865 1100 1935 yenuis
1114 1865 1216 1935 levibus

196 1942 303 2002 parent.
323 1936 482 1990 Abiecimns
504 1953 545 2001 ea,
568 1953 638 2004 orme
660 1935 746 1989 ndem
768 1935 801 1989 de
823 1937 916 1990 causis
935 1953 1011 1990 mera
1028 1935 1130 1991 Flavii
1146 1952 1216 1990 com-

199 2013 289 2061 menta
313 2005 583 2074 demebenderentiu.
620 2008 659 2059 In
683 2007 811 2061 columna
835 2007 946 2062 deutera
968 2009 1114 2076 repetimus
1135 2007 1216 2062 verba

198 2095 216 2130 a
233 2096 264 2149 n,
288 2077 390 2144 (idest
411 2078 524 2145 llario)
542 2079 654 2147 compta,
673 2095 743 2146 quae
761 2079 793 2132 iu
811 2079 870 2132 eius
888 2079 1005 2132 editione
1027 2084 1053 2133 et
1075 2079 1106 2132 in
1124 2081 1217 2133 ceteris

198 2150 327 2204 omnibus
344 2149 509 2204 editionibus
527 2151 663 2221 leyuntur.
691 2149 805 2203 Litteris
824 2150 966 2203 declinatis
980 2150 1011 2202 in
1024 2150 1076 2204 bac
1089 2151 1217 2204 columna

197 2237 229 2276 aa
252 2221 433 2289 caprimenda
456 2237 594 2289 curamus,
617 2237 686 2288 quae
708 2238 727 2274 a
745 2221 773 2274 P
794 2222 897 2288 scribta
920 2236 976 2274 non
995 2238 1013 2274 a
1032 2239 1062 2291 u¹
1084 2228 1217 2276 renovata

196 2299 270 2347 nent.
307 2290 350 2358 Cf.
364 2293 395 2345 in
409 2293 566 2346 universim
584 2293 652 2348 ΒΜ
662 2296 764 2360 illiso.

288 2363 501 2431 Inscriptionem
519 2363 679 2418 addidimus
696 2381 730 2418 ea
747 2364 954 2432 subscriptiove,
973 2380 1055 2432 quarn
1073 2381 1098 2418 e.

199 2436 214 2489 1
237 2433 317 2504 Quae
335 2441 398 2487 ante
416 2451 449 2488 ea
466 2435 555 2502 verba,
574 2437 674 2504 quibus
691 2435 723 2489 in
746 2436 835 2490 codice
859 2434 966 2488 libellus
983 2435 1127 2504 incipitur,
1145 2437 1217 2492 euci-

198 2506 301 2571 derimt,
318 2506 402 2572 facile
420 2506 547 2560 concludi
556 2513 644 2574 potest
657 2523 691 2560 eu
705 2507 770 2560 lovis
784 2507 891 2560 duobus
904 2506 1041 2561 similibus
1056 2507 1217 2574 Matbeseos,

198 2578 301 2647 animes
323 2578 427 2631 abusus
448 2585 487 2631 eet
506 2579 556 2632 Mo
571 2595 601 2646 p.
618 2582 692 2646 leq„
714 2594 777 2632 cum
794 2578 893 2644 referri
914 2593 958 2631 eos
979 2579 1029 2633 boc
1051 2579 1160 2646 quium
1183 2579 1216 2632 li-

198 2651 261 2705 belli
279 2649 314 2702 de
333 2665 422 2703 errore
439 2651 497 2704 loeo
515 2650 654 2703 contendit
672 2650 719 2717 (cf.
735 2649 815 2715 Kr.).·
830 2649 972 2716 prooemia
995 2649 1112 2704 divimus
1135 2651 1216 2705 libro·

196 2738 261 2776 rum
279 2721 339 2773 III
353 2726 378 2773 et
396 2720 461 2774 VH.
501 2720 606 2790 Quibus
625 2720 767 2774 Finnieus
790 2721 870 2774 deum
891 2719 1084 2786 fabricatorem
1107 2723 1219 2790 exponit

197 2809 232 2846 ea·
249 2792 402 2859 composita
419 2798 551 2860 quattuor
568 2793 756 2846 elernentorum
775 2792 967 2845 contrarietate
986 2798 1011 2845 et
1033 2798 1119 2846 totum
1137 2810 1217 2846 mun-

197 2865 266 2917 dum
295 2869 321 2916 et
346 2863 480 2917 bominem
508 2864 546 2917 ad
571 2864 719 2933 imayinem
741 2863 841 2917 murrdi
862 2863 963 2928 semesa
988 2863 1032 2915 ‘ut
1055 2863 1150 2917 divino
1174 2863 1218 2916 illi

198 2933 325 3003 spiritui,
351 2933 401 3002 qui
423 2934 459 2987 ed
483 2935 717 2988 sustentationem
740 2932 870 2988 mortalis
894 2933 1017 3001 corporis
1041 2950 1075 2988 ex
1103 2933 1219 2988 caelesti

197 3007 296 3059 mente
315 3005 469 3072 descendit,
489 3005 556 3060 licet
573 3005 676 3076 fragile
695 3006 745 3060 eed
763 3011 858 3060 tamen
878 3004 971 3058 simile
985 3006 1089 3059 mundo
1104 3008 1219 3075 peraret

197 3075 369 3146 hospitium’
386 3078 490 3144 (Metu.
505 3082 549 3143 90,
564 3082 620 3146 19).
648 3078 705 3132 His
718 3078 826 3147 quidem
840 3078 923 3132 etiam
941 3078 972 3130 in
982 3079 1120 3146 prooemio
1135 3078 1220 3134 libelli

198 3149 231 3202 de
249 3164 342 3203 errore
359 3148 503 3217 euplicatis
519 3166 611 3204 ruam
629 3166 689 3204 eam
707 3149 860 3204 murinam
878 3149 920 3202 ita
938 3148 1055 3231 ostendit
1073 3167 1092 3204 a
1109 3150 1219 3205 diabolo

195 3220 907 3362 mimdzditffniitiddnt
924 3221 1220 3362 resistitis

199 3364 281 3416 nium
308 3379 399 3417 rernm
425 3364 531 3418 miseris
557 3365 713 3418 mminibus
731 3364 910 3431 persuaderet
932 3379 1026 3431 eosque
1049 3371 1080 3418 ut
1106 3366 1219 3435 siuyula

200 3436 333 3488 elerncnta
350 3436 496 3489 numinum
515 3436 571 3489 loco
590 3441 778 3489 consecrarent
795 3435 948 3503 impelleret.
986 3434 1065 3488 Haec
1088 3442 1126 3489 est
1145 3436 1219 3504 ‘per-

200 3521 286 3558 verse
304 3505 448 3559 discretio’
470 3509 622 3575 (p.2,13).
659 3508 739 3560 Haec
755 3522 817 3559 vum
840 3507 872 3558 in
894 3506 1053 3560 universim
1080 3506 1220 3562 Firmicus

200 3576 371 3644 disemum,
390 3577 574 3645 ‘specialiter’
598 3579 657 3632 iam
675 3577 822 3647 profitetur
845 3576 1020 3630 ‘retexenda'
1045 3594 1113 3632 esse:
1139 3584 1220 3648 atque

200 3649 300 3702 retexit
326 3649 357 3700 iu
381 3649 561 3717 sequentibus,
588 3667 654 3702 nam
678 3649 712 3704 de
739 3649 884 3719 Aeyyptiis
911 3648 1068 3720 Phrygibus
1095 3650 1221 3720 Assyriis

201 3719 304 3787 Persis,
323 3736 411 3789 aquae
429 3727 518 3775 terroe
536 3722 609 3775 aeris
626 3722 638 3773 i
656 3722 700 3775 nis
720 3721 870 3775 cultoribus
888 3720 1026 3788 disputat:
1043 3720 1133 3775 reddit
1151 3738 1220 3789 quae

201 3791 235 3845 in
242 3792 383 3860 prooemio
394 3791 535 3860 pollicitus
552 3798 597 3846 est.
680 3793 767 3848 tentia
785 3793 873 3862 iyitur
890 3797 915 3844 et
933 3792 1077 3846 rusilium
1090 3793 1221 3861 prooemii

258 3900 372 3940 Firminus
385 3901 504 3940 Metenms
518 3900 554 3940 ed.
569 3900 692 3948 zregrer.
1045 3887 1059 3934 1
