3100 4359
362 420 410 473 DE
428 422 577 478 ERRORE
595 422 698 478 Paos.
713 423 794 476 ΗΕΒ.
814 422 890 476 GAP.
905 422 1030 475 VI—VII
1168 422 1209 485 19
1279 495 1285 503 .
1402 466 1403 513 ᾗ

202 608 301 663 mores,
329 610 382 649 neo
413 594 573 667 quisquam
602 593 775 669 peregrinas
803 592 1028 667 superstitiones
1056 589 1209 650 dissolutis

201 680 327 739 moribus
351 682 519 756 appetebat.
565 681 649 742 Tunc
676 698 729 739 nec
756 683 876 739 senatus
900 680 1032 738 consuli·
1051 699 1106 739 nec
1128 681 1209 757 leges

199 770 241 825 rei
270 768 419 843 publicae·
452 788 506 829 nec
538 771 643 829 consul
672 770 789 847 legibus
819 769 923 844 defuit,
946 768 997 827 sed
1019 770 1209 846 investigatis

198 857 331 915 omnibus
364 862 415 934 qui
446 860 534 919 huius
564 862 642 919 sacri
671 859 816 919 scelerata
846 862 1012 917 commenta
1041 858 1209 935 tradebant,

172 950 299 1005 econtra
321 966 422 1007 omnes
446 967 546 1008 severo
574 950 666 1007 immo
693 948 828 1007 Romano
856 947 1039 1022 quaestionis
1062 948 1208 1005 examine·

195 1036 334 1110 capitalis
357 1056 453 1113 poena
476 1037 512 1096 de
536 1038 654 1097 consilii
676 1038 824 1096 sententia
848 1036 966 1095 decreta
989 1038 1046 1110 est,
1070 1056 1123 1095 nec
1145 1040 1209 1095 tam

194 1125 244 1182 diu
279 1126 414 1185 vindices
446 1126 540 1203 gladii
572 1126 702 1185 consulis
739 1127 946 1201 conquierunt,
980 1125 1122 1199 quamdiu
1153 1125 1209 1185 hoc

194 1214 307 1272 malum
339 1215 444 1274 fuisset
475 1216 621 1275 radicitus
658 1218 855 1289 amputatum.
911 1212 936 1271 O
960 1212 1053 1291 digna
1081 1214 1209 1273 Romani

194 1304 322 1362 nominis
351 1304 583 1363 animadversio!
630 1302 655 1362 0
683 1306 799 1379 priscae
823 1304 944 1362 virtutis
967 1303 1119 1361 laudanda
1142 1322 1209 1363 con-

158 1393 320 1452 restantia!
367 1394 429 1453 Nec
451 1393 565 1453 civibus
589 1394 652 1452 suis
675 1393 777 1452 consul
800 1411 921 1468 parcere
944 1392 1053 1466 voluit,
1081 1411 1147 1451 oum
1172 1392 1209 1451 ob

192 1481 383 1560 purgandam
405 1483 536 1557 patriam
556 1476 560 1559 Ι
580 1484 738 1559 peregrina
760 1484 837 1540 vitia
860 1482 1058 1558 corriguntur.
1220 1496 1261 1544 foc.
1273 1488 1305 1533 7⁹

280 1570 351 1629 VH.
382 1570 525 1646 Sequitur
556 1571 632 1630 hanc
661 1572 739 1630 sacri
768 1572 991 1647 contagionem,
1021 1572 1051 1628 et
1072 1570 1211 1629 imitatur

191 1660 329 1719 ordinem
360 1660 529 1719 funeris·a
554 1658 657 1719 Cerere
686 1660 838 1718 Hennensi
868 1659 992 1717 muliere
1022 1678 1102 1718 mors
1130 1659 1210 1718 filiae

190 1752 373 1809 consecrata.
424 1749 503 1809 Nam
536 1748 672 1824 quicquit
702 1749 735 1807 in
768 1748 857 1807 Creta
888 1751 975 1824 pater
1004 1747 1082 1807 circa
1114 1748 1210 1807 filium

152 1838 319 1911 refecerat,
349 1839 406 1897 hoc
436 1841 534 1897 totum
558 1832 644 1897 (iores
675 1841 749 1914 aput
777 1838 914 1895 Hennam
939 1838 1047 1895 amissa
1069 1837 1133 1896 filia
1155 1838 1210 1895 im-

188 1926 341 2002 patientia
360 1928 488 1986 materni
511 1927 623 1985 doloris
640 1928 782 1986 instituit.
819 1927 904 1997 Quod
927 1928 1072 2002 quatenus
1095 1927 1210 1986 factum

188 2017 228 2075 sit
261 2018 349 2075 brevi
380 2034 514 2075 sermone
546 2018 753 2094 perstringam.
809 2016 935 2075 Unieam
969 2013 1083 2075 Cereris
1115 2016 1209 2075 filiam

189 2126 283 2182 quarn
309 2104 415 2164 Graeci
437 2105 639 2179 Persefonam,
668 2106 763 2164 nostri
793 2106 951 2164 immutato
982 2122 1115 2164 sermone
1138 2105 1209 2164 Pro-

189 2196 344 2280 serpinam
368 2194 480 2269 dicunt,
503 2195 542 2253 ad
565 2194 722 2271 coniugale
741 2195 923 2253 consortium
941 2193 1041 2270 plures
1060 2194 1209 2269 petebant.

151 2302 175 2341 ro
188 2286 290 2344 Mater
321 2283 452 2342 sollicita
482 2283 518 2341 de
548 2284 734 2361 singulorum
763 2284 878 2341 meritis
901 2282 1067 2358 iudicabat,
1091 2287 1210 2341 etcum

188 2375 289 2432 adhuc
321 2372 458 2432 omnibus
488 2374 592 2430 matris
623 2374 771 2431 sententia
800 2372 953 2431 videretur
982 2372 1103 2447 incerta,
1128 2372 1210 2431 dives

186 2464 321 2523 rusticus
345 2462 394 2521 oui
416 2464 539 2538 propter
561 2460 682 2521 divitias
700 2460 811 2520 Pluton
834 2462 894 2519 fuit
912 2480 1029 2535 nomen,
1052 2462 1209 2520 temerario

187 2553 369 2630 cupiditatis
393 2550 512 2624 ardore,
535 2568 602 2608 curn
625 2569 722 2609 moras
746 2549 899 2609 dilationis
921 2551 999 2609 ferre
1018 2570 1077 2609 non
1100 2554 1209 2626 posset,
1229 2562 1275 2613 (8⁷)

187 2647 217 2702 et
252 2660 322 2701 eum
355 2642 541 2717 praeposteri
573 2641 682 2698 amoris
719 2641 896 2715 coqueretur
927 2639 1084 2717 incendiis,
1116 2660 1209 2715 prope

149 2748 173 2787 ra
187 2732 319 2790 Percum
341 2731 495 2789 inventam
512 2731 660 2806 virginem
682 2730 771 2804 rapit.
808 2728 916 2788 Porcus
940 2731 986 2787 est
1009 2731 1108 2787 autem
1126 2729 1209 2788 lacus

282 2880 302 2934 3
322 2880 376 2935 Cic.
394 2881 474 2935 Catil.
489 2882 511 2934 I
521 2885 538 2933 3
556 2898 612 2935 non
636 2882 715 2934 deest
735 2879 929 2948 reipublicae
948 2880 1097 2934 consilium
1119 2897 1209 2949 neque

185 2952 347 3091 311⁰?ssth
366 2951 450 3005 huius
469 2950 589 3007 ordinis:
608 2969 667 3018 nos,
691 2968 750 3018 nos,
770 2952 833 3005 dico
853 2954 958 3020 aperte,
979 2950 1106 3005 eonsules
1128 2952 1210 3005 desu-

284 3129 300 3183 1
321 3131 347 3183 d.
358 3148 389 3198 p.
403 3145 494 3183 mores
509 3130 573 3183 odd.
646 3128 664 3182 5
683 3144 794 3183 seueros
809 3129 895 3185 immo
909 3147 1040 3185 romanos
1054 3132 1088 3198 P,
1103 3149 1150 3185 em.
1161 3132 1211 3184 Bu

188 3206 299 3272 (servos
315 3200 333 3255 i.
343 3201 485 3256 Romanos
499 3200 559 3269 Fi).
611 3201 636 3254 d.
649 3218 677 3268 p.
693 3200 821 3254 examine
841 3201 905 3258 odd.
958 3204 972 3257 7
994 3203 1020 3257 d.
1035 3209 1099 3256 aaa
1114 3219 1209 3270 quam-

188 3274 242 3326 diu
257 3272 322 3327 add.
414 3271 432 3325 8
451 3271 560 3325 romani
573 3271 680 3325 nomini
694 3273 729 3338 P,
746 3290 794 3326 em.
809 3274 865 3341 Bu,
884 3273 1011 3327 Romano
1030 3273 1143 3327 nomine
1162 3274 1209 3327 Fe.

188 3346 229 3398 lt)
250 3344 320 3397 dum
337 3361 421 3413 quam
439 3360 503 3396 cum
521 3343 626 3397 mavult
640 3344 697 3397 Ha.
760 3344 806 3398 dd.
822 3352 885 3399 aute
905 3344 941 3398 12
962 3346 990 3397 ot
1008 3351 1033 3398 et
1052 3344 1089 3398 13
1109 3361 1125 3397 a
1144 3346 1208 3399 add.

190 3416 230 3470 lo
251 3414 313 3481 Quo
331 3417 471 3483 quatenus
487 3415 520 3480 P,
539 3431 587 3468 cm.
601 3415 649 3468 Fe.
760 3414 799 3469 24
819 3416 844 3469 d.
855 3434 885 3484 p.
901 3415 1039 3469 incendiis
1059 3415 1123 3470 cdd.

189 3488 230 3542 ‘25
249 3487 357 3556 Pergus
374 3486 451 3540 Ouid,
468 3487 581 3540 Metam.
598 3487 695 3540 V386.
768 3486 865 3555 rapuit
883 3486 931 3541 St.

285 3594 300 3646 7
321 3592 469 3660 quamdiu:
493 3593 528 3658 cf.
544 3594 595 3647 Mo
610 3598 651 3647 17.
744 3593 781 3646 16
801 3595 952 3661 quatenus:
972 3595 1006 3659 cf.
1024 3596 1075 3647 Mo
1094 3599 1136 3648 17.

190 3666 229 3719 11
252 3666 342 3719 Mau.
359 3668 385 3729 5,
398 3668 435 3719 24
453 3663 530 3717 brevi
549 3664 675 3718 oratione
694 3666 916 3732 perstrinximus,
940 3665 974 3730 cs.
990 3670 1016 3730 ὀ,
1029 3669 1075 3731 28,
1095 3666 1146 3719 Mo
1165 3670 1207 3719 10.

190 3735 229 3788 22
248 3736 400 3789 temerario
414 3735 580 3805 cupiditatis
594 3736 706 3789 ardore:
720 3738 826 3790 similia
840 3753 873 3789 ec
884 3736 1007 3790 Mathoni
1016 3737 1093 3805 apud
1104 3739 1154 3791 Mo
1162 3741 1207 3791 21.

190 3805 230 3861 24
249 3808 448 3877 praeposterus
467 3822 545 3860 amor
563 3808 604 3861 bio
622 3810 653 3860 ia
672 3808 773 3873 Mota,
792 3824 815 3861 a.
832 3807 883 3861 Mo
898 3810 939 3859 18.
