3100 4359
379 395 428 449 ΒΕ
446 395 594 449 ERRORE
613 396 716 450 PROF.
730 397 810 451 REI.
829 397 905 451 CAP.
921 397 1011 451 XVIII
1158 397 1202 460 45

188 566 259 637 vini,
292 564 325 622 id
356 567 401 624 est
432 565 551 624 futurae
583 566 737 624 felicitatis
770 565 901 640 perdidit
931 568 1068 643 gratiam.
1116 565 1237 635 Quodl

187 658 289 711 autem
325 656 504 714 consecratis
535 654 705 713 hominibus
737 674 755 712 a
788 654 842 714 deo
874 658 961 730 panis
993 654 1112 713 divinus
1144 656 1201 714 iste

187 746 364 817 praestetur,
387 762 442 818 per
463 744 586 801 Esaiam
608 743 683 801 dicit
707 746 831 819 spiritus
856 747 988 804 sanctus:
1013 740 1087 804 ‘Sic
1109 744 1201 803 dicit

187 832 363 891 dominus:
401 850 478 890 ecce
511 834 574 907 qui
605 834 769 891 serviunt
798 833 886 891 mihi
921 834 1201 906 manducabunt,

162 940 246 985 evus
268 923 394 979 autem
422 923 605 980 esurietis:
634 940 712 980 ecce
742 924 803 997 qui
835 923 999 982 serviunt
1029 923 1118 981 mihi
1149 924 1200 981 ic-

186 1010 453 1085 cundabuntur,
486 1028 548 1070 soe
580 1011 867 1086 confundemini,
900 1031 961 1071 vos
995 1012 1203 1071 interficiet

185 1094 371 1158 dominus'.
417 1099 486 1157 Non
517 1100 614 1158 solum
642 1100 729 1176 panis
751 1102 808 1159 iste
832 1121 850 1159 a
873 1101 928 1160 deo
949 1100 953 1176 Ι
974 1121 1088 1161 summo
1113 1102 1252 1161 saon-fu·
1266 1105 1309 1141 mr

185 1189 259 1265 legis
294 1191 325 1246 et
357 1188 459 1264 impiis
487 1188 659 1265 denegatur,
692 1190 743 1248 sed
769 1192 800 1247 et
826 1209 922 1266 poene
949 1192 1144 1267 promittitur,
1173 1193 1202 1249 et

185 1278 310 1337 acerbae
333 1277 438 1336 mortis
462 1278 661 1338 decernuntur
679 1280 779 1354 exitia,
798 1282 833 1337 ut
851 1280 1047 1339 esurientibus
1066 1280 1204 1338 faucibus

152 1394 173 1431 m
185 1367 307 1425 divinae
330 1366 597 1428 animadversionis
620 1370 717 1426 exitus
739 1370 902 1446 ingeratur.
941 1368 1089 1428 Secuntur
1112 1372 1203 1427 etiam
1222 1376 1237 1421 5

184 1456 238 1514 hcc
271 1456 354 1515 idem
380 1456 524 1515 tricesimi
552 1460 582 1515 et
608 1459 694 1515 tertii
719 1457 828 1532 psalmi
855 1459 1025 1517 veneranda
1052 1476 1202 1534 responsa.

183 1545 237 1605 Ait
261 1548 344 1603 enim
367 1565 420 1620 per
443 1545 542 1603 David
570 1548 693 1621 spiritus
721 1549 857 1605 sanctus:
890 1541 1053 1607 ‘Gustata
1087 1552 1121 1605 et
1148 1548 1203 1607 vi·

184 1634 264 1693 dete
290 1634 458 1709 quoniam
478 1634 594 1694 dulcis
613 1639 667 1694 est
685 1631 873 1696 dominus’.
902 1636 995 1696 Dulce
1014 1640 1059 1695 est
1077 1638 1204 1695 caeleste

183 1724 341 1800 pabulum,
364 1724 458 1783 dulcis
482 1724 530 1783 dei
553 1724 644 1800 cibus,
666 1744 720 1783 nec
742 1725 833 1783 habet
856 1726 887 1783 in
910 1745 941 1784 se
964 1726 1088 1785 miserae
1115 1727 1203 1785 famis
1223 1758 1224 1761 ¹

152 1838 170 1877 a
183 1814 271 1873 triste
302 1816 493 1886 tormentum,
521 1816 551 1872 et
578 1814 614 1873 dc
645 1814 783 1873 medullis
815 1815 970 1874 hominum
999 1814 1203 1891 praecedentis

184 1906 295 1962 veneni
318 1905 400 1961 virus
424 1902 561 1961 excludit.
603 1904 644 1960 llt
666 1903 739 1962 haec
762 1905 807 1961 ita
830 1922 893 1963 esse
916 1904 1072 1981 sequeutia
1091 1905 1205 1963 oraculi

182 2010 330 2070 responsa
349 1992 511 2066 declarant,
530 1992 574 2050 ait
597 1992 689 2050 enim:
710 1988 858 2051 ‘Timete
883 1994 1061 2053 dominum
1086 1996 1205 2052 sancti

185 2085 261 2142 eius
299 2082 383 2157 quia
415 2100 483 2139 uon
516 2085 570 2140 est
601 2082 726 2157 inopia
755 2085 806 2141 eis
838 2084 899 2158 qui
925 2085 1090 2141 metuunt
1118 2103 1202 2141 eum.

184 2172 332 2230 Divites
357 2173 535 2248 eguerunt
558 2173 595 2228 et
618 2172 837 2247 esurierunt,
861 2172 922 2247 qui
945 2174 1061 2231 autem
1085 2173 1203 2247 inqui·

153 2265 272 2325 arunt
302 2260 482 2318 dominum
515 2279 586 2318 uon
613 2259 832 2338 indigebunt
864 2261 958 2320 omni
985 2257 1101 2321 bonc'.
1148 2259 1240 2328 Quie

185 2352 228 2407 sic
260 2353 297 2407 in
328 2349 442 2424 templo
473 2352 677 2424 praetextatus
707 2349 828 2424 incedis
861 2354 913 2425 qui
945 2352 1036 2428 fulgis
1064 2369 1205 2427 purpura,

186 2440 273 2498 cuius
299 2444 391 2513 caput
413 2440 467 2496 aut
493 2457 567 2497 auro
594 2439 742 2514 premitur
765 2443 820 2497 aut
846 2440 940 2515 lauro,
969 2458 1098 2499 errorem
1120 2442 1206 2497 tuum
1221 2450 1280 2499 (rm)

185 2530 287 2604 turpis
311 2530 427 2605 egestas
450 2528 628 2603 insequitur,
647 2531 677 2586 et
695 2528 858 2588 cervicibus
876 2531 937 2589 tuis
957 2548 1113 2589 onerosum
1133 2547 1206 2604 pau-

186 2616 319 2692 pertatis
341 2618 478 2674 imminet
500 2616 625 2691 pondus.
670 2616 761 2675 Illum
785 2637 873 2692 quem
900 2618 1020 2693 dispicis
1046 2637 1207 2693 pauperem

153 2707 294 2783 relargus
318 2707 349 2762 et
371 2705 454 2765 dives
477 2708 536 2780 est,
559 2705 650 2764 sedile
673 2705 721 2764 illi
743 2705 897 2766 Abraham
915 2709 947 2765 in
966 2709 1034 2765 sinu
1053 2726 1105 2766 suc
1124 2726 1208 2782 prae·

281 2892 301 2945 3
320 2895 372 2947 Ies.
387 2897 478 2959 65,13
496 2900 522 2948 et
540 2898 582 2948 15.
655 2894 693 2948 12
713 2895 759 2949 Ps.
775 2898 820 2961 33,
829 2899 856 2950 9.
930 2895 965 2947 17
986 2897 1021 2949 ib.
1036 2912 1060 2949 v.
1076 2901 1111 2949 10
1120 2912 1158 2963 sq.

283 3052 348 3107 dd.
363 3071 389 3107 a.
403 3069 455 3121 per
472 3054 537 3108 add.
645 3054 728 3108 ddd.
744 3062 808 3109 ante
826 3062 970 3125 atrumque
988 3072 1037 3108 vos
1056 3058 1121 3111 add.

191 3126 208 3179 8
227 3127 337 3180 dante
356 3126 385 3178 et
403 3126 467 3179 add.
541 3126 560 3178 e
579 3142 678 3198 acerne
697 3128 729 3181 P.
804 3125 841 3181 15
861 3127 1039 3195 procedentis
1058 3129 1117 3193 Ha,
1137 3135 1166 3183 at
1184 3146 1208 3182 a.

192 3199 235 3251 Fr
253 3202 339 3265 arm.
358 3197 408 3265 qui
424 3198 530 3262 confert
551 3198 623 3252 locos
647 3202 723 3262 73,6
742 3206 767 3253 et
786 3203 870 3265 50,1.
979 3198 1017 3252 19
1036 3199 1062 3252 d.
1078 3207 1140 3253 cate
1160 3200 1209 3267 qui

192 3269 258 3323 add.
333 3267 369 3321 21
390 3269 529 3323 calmem
543 3269 644 3324 codicis
657 3269 743 3339 fulgis
757 3272 930 3336 retinuimus,
950 3272 984 3337 cf.
999 3272 1036 3325 ad
1055 3276 1100 3337 25,
1110 3276 1136 3336 4,
1154 3270 1208 3323 ful-

192 3356 349 3465 {idias
364 3338 435 3465 w?
455 3340 635 3466 affligi
653 3342 814 3465 “iiiiii
831 3343 924 3467 {iili
939 3342 1074 3468 lgneir‘ld
1094 3347 1119 3408 θ’
1130 3348 1154 3396 4'

286 3572 354 3638 iles.
365 3575 457 3641 praes.
469 3590 498 3640 p.
510 3573 657 3626 XXXIX.
705 3572 742 3626 16
756 3576 791 3639 cf.
802 3579 900 3640 43,19.
947 3573 984 3627 23
1000 3575 1163 3639 alatam,
1175 3579 1210 3627 18

199 3646 335 3698 miserum
352 3644 461 3714 pondus
480 3643 627 3697 viduitatis
646 3645 774 3713 imponit.
814 3644 1003 3700 LXXIJI'I
1017 3650 1035 3699 8
1054 3644 1210 3699 laboriosae

194 3717 272 3770 vitae
286 3716 397 3784 pondus
411 3716 559 3784 imponunt
573 3718 623 3768 aut
636 3716 770 3786 egestatis
786 3717 940 3787 angustias.
966 3720 1000 3785 cf.
1016 3718 1048 3771 de
1062 3734 1113 3772 err.
1130 3721 1174 3783 77,
1185 3722 1210 3771 6.

198 3788 344 3841 ‘Miserum
362 3788 536 3856 paupertatis
555 3788 637 3840 onus’
649 3790 749 3857 ,novies
767 3788 848 3843 habes
866 3791 895 3843 in
918 3789 1047 3843 lfatliesi.
