3100 4359
337 386 381 450 46
686 383 823 439 nfflmcl
841 384 1029 438 MATERNI.

338 558 434 631 parat.
481 556 564 627 Tunc
586 557 620 613 tu
643 573 697 629 per
719 556 877 613 interiecta
900 556 1000 629 spatia
1022 554 1276 615 flammarumad
1298 560 1347 616 mi-

337 644 462 721 tiganda
485 645 682 703 conscientiae
705 647 775 702 tuae
799 644 1072 702 vulnera·tenuom
1095 644 1132 702 ab
1156 664 1191 704 eo
1211 646 1348 706 stillantis

338 752 434 809 aquae
461 734 612 809 guttulam
639 732 814 809 postulabis,
842 751 896 791 neo
922 732 981 791 tibi
1003 734 1106 792 volans
1129 733 1259 794 Lazarus
1282 736 1348 794 leui-

338 825 472 881 mentum
495 822 606 881 doloris
629 824 757 880 tui·aut
780 822 850 879 dara
872 824 985 897 poterit
1008 825 1063 881 aut
1085 825 1254 899 impetrare.
1289 825 1347 883 Sin·

338 912 478 989 gulorum
509 914 588 969 enim
619 914 687 986 pari
718 913 818 988 gratia
848 912 957 970 merita
989 916 1160 988 pensantur.
1208 914 1258 973 Illi
1289 918 1379 974 vitas

338 1001 490 1059 confertur
516 1003 638 1076 propter
664 1002 753 1059 huius
781 1001 895 1060 saeculi
920 1001 1014 1070 mala,
1041 1000 1098 1059 tibi
1120 1007 1245 1079 proptor
1266 1003 1347 1063 huius

304 1090 450 1154 rsaeouli
473 1089 551 1147 bona
573 1093 718 1165 perpetua
740 1093 957 1149 tormentorum
980 1110 1076 1166 poena
1100 1092 1277 1151 decernitur.
1312 1092 1348 1151 ct

339 1181 440 1237 autem
462 1179 650 1239 manifestius
674 1178 844 1252 disceretur,
873 1180 995 1254 quinam
1017 1180 1068 1237 ille
1092 1184 1170 1240 esset
1192 1183 1279 1257 panis
1302 1201 1349 1258 per

338 1287 428 1344 quem
445 1270 571 1327 miserae
589 1270 694 1327 mortis
713 1270 874 1327 vincuntur
892 1270 993 1343 exitia,
1011 1270 1075 1344 ipse
1094 1270 1232 1329 dominus
1252 1273 1347 1332 sancto

338 1376 374 1416 ac
396 1358 565 1417 venerando
589 1376 639 1415 ore
662 1359 804 1433 signavit,
826 1377 863 1415 ne
887 1376 941 1433 per
960 1357 1092 1417 diversos
1115 1362 1264 1419 tractatus
1288 1380 1347 1435 spes
1361 1384 1381 1420 a

227 1466 269 1512 jol.
282 1464 324 1501 rev
338 1446 492 1505 hominum
513 1438 517 1526 l
537 1447 638 1523 pravis
660 1446 957 1521 interpretationibus
980 1447 1164 1507 fallerentur.
1199 1452 1253 1507 Ait
1275 1452 1347 1507 enim

336 1536 370 1593 in
394 1536 549 1613 evangelio
577 1538 645 1594 cata
671 1535 848 1594 Iohannem:
881 1530 970 1613 ‘Ego
1002 1556 1077 1595 sum
1108 1538 1214 1613 panis
1245 1540 1348 1597 vitae:

339 1626 400 1702 qui
422 1624 635 1684 veneritad
662 1643 714 1683 me
741 1643 810 1682 non
834 1626 982 1698 esuriet,
1011 1627 1072 1701 qui
1101 1628 1137 1684 in
1160 1646 1213 1685 me
1236 1628 1348 1685 credi-

339 1714 437 1773 derit
463 1734 531 1773 non
559 1714 664 1773 sitiet
690 1708 880 1789 umquam'.
925 1714 1003 1773 Item
1029 1716 1062 1773 in
1085 1715 1276 1791 sequentibus
1299 1717 1348 1774 hoc

337 1804 417 1863 idem
450 1805 543 1862 simili
570 1803 658 1862 modo
688 1802 850 1879 significat,
878 1805 921 1861 ait
953 1805 1044 1862 enim:
1078 1800 1129 1863 ‘Si
1160 1807 1239 1881 quis
1272 1806 1382 1865 sititis

338 1892 464 1952 veniat
496 1896 531 1951 et
562 1891 665 1950 bibat
695 1894 756 1968 qui
783 1892 900 1951 credit
923 1894 959 1950 in
981 1889 1053 1951 me'.
1100 1895 1142 1952 Et
1164 1913 1267 1953 rursus
1289 1896 1348 1969 ipse

337 1984 373 2039 ut
400 1983 566 2041 maiestatis
593 2000 664 2040 suae
692 1982 891 2040 substantiam
920 1981 1107 2043 credentibus
1134 1983 1266 2042 traderet
1296 1984 1348 2041 ait:

340 2066 433 2129 ‘Nisi
469 2070 620 2130 ederitis
657 2089 797 2129 carnem
834 2071 895 2129 fili
930 2073 1085 2130 hominis
1118 2076 1152 2131 et
1183 2072 1347 2133 biberitis

339 2162 546 2238 sanguinem
578 2162 670 2235 eins,
702 2179 770 2218 non
799 2160 983 2219 habebitis
1015 2161 1128 2221 vitam
1157 2163 1194 2220 in
1221 2155 1347 2222 vobis'.

304 2266 320 2315 8
340 2249 436 2319 Quare
460 2250 536 2308 nihil
558 2251 643 2309 vobis
666 2252 707 2310 sit
729 2269 798 2309 cum
821 2250 958 2326 tympani
981 2250 1055 2309 cibo.
1101 2248 1127 2309 Ο
1151 2251 1254 2311 miseri
1275 2270 1346 2309 mor·
1361 2271 1382 2308 sc

338 2340 427 2398 talos!
459 2340 605 2398 Salutaris
629 2339 689 2397 cibi
710 2341 840 2417 gratiam
864 2338 1006 2415 quaerite,
1029 2342 1060 2398 et
1081 2341 1242 2399 inmortale
1264 2359 1347 2416 pocu-

339 2430 401 2487 lum
423 2429 525 2487 bibite.
556 2427 690 2487 Christus
714 2447 767 2486 vos
792 2428 887 2503 epulis
910 2429 971 2488 suis
994 2432 1116 2489 revocat
1138 2429 1177 2488 ad
1199 2430 1304 2504 lucem,
1321 2430 1348 2487 et

338 2520 425 2595 gravi
446 2536 559 2577 veneno
583 2520 685 2593 putres
709 2521 791 2576 artus
816 2520 846 2575 et
872 2520 1073 2593 torpescentia
1100 2519 1234 2577 membra
1259 2517 1346 2579 vivi-

337 2608 436 2666 ficat.
475 2605 602 2665 Caelesti
621 2606 687 2665 cibo
705 2610 846 2665 renovate
869 2607 1020 2666 hominem
1042 2608 1192 2683 perditum
1214 2612 1249 2667 ut
1272 2609 1347 2684 quic·

336 2696 404 2771 quit
429 2698 461 2754 in
492 2695 576 2755 vobis
603 2698 755 2754 mortuum
779 2698 831 2770 est,
855 2696 964 2755 divinis
991 2696 1140 2756 boneficiis
1169 2701 1344 2758 renascatur.
1359 2716 1381 2756 a

426 2918 463 2973 12
481 2920 543 2974 Job.
559 2924 637 2985 6‚35.
684 2918 721 2972 15
740 2920 776 2973 ib.
794 2924 872 2985 7,37.
920 2919 957 2973 18
976 2921 1012 2975 ib.
1029 2926 1108 2988 6,53.
1160 2921 1198 2975 23
1218 2923 1253 2977 ib.
1269 2927 1293 2987 6,
1305 2924 1344 2973 63.

425 3096 507 3151 lud.
518 3115 548 3166 p.
563 3096 739 3152 flammarum
753 3103 778 3151 et
792 3096 831 3165 (2)
845 3097 962 3151 vulnera
976 3106 1001 3153 ct
1014 3097 1054 3168 (4)
1068 3100 1112 3153 tui
1131 3101 1195 3155 add.
1288 3102 1345 3151 tet

336 3169 350 3222 7
375 3166 481 3223 saeculi
504 3176 618 3237 propter
642 3170 795 3223 clausulam
824 3170 964 3238 tepescam
992 3170 1077 3224 saecli
1103 3171 1173 3238 (St).
1254 3172 1268 3226 7
1293 3174 1344 3223 tor-

333 3241 468 3307 mentora
487 3257 556 3295 corr.
571 3243 599 3295 P
615 3259 649 3295 ec
666 3242 855 3303 tormentata.
948 3241 964 3293 8
985 3244 1011 3296 d.
1022 3260 1052 3311 p.
1067 3242 1222 3297 disceretur
1235 3244 1299 3298 add.

334 3312 372 3366 lc
391 3315 438 3366 ore
453 3312 486 3365 P.
569 3311 606 3366 13
624 3312 798 3366 uenerit·ad
820 3313 850 3367 P.
925 3312 962 3365 20
981 3320 1006 3367 et
1025 3312 1063 3368 24
1083 3313 1188 3369 ciuoP
1268 3309 1344 3368 200

333 3383 374 3436 dii
391 3383 488 3436 miseri
499 3402 504 3412 ·
515 3383 648 3438 mortales
668 3382 805 3437 Salutaris
824 3387 858 3449 P,
878 3386 913 3451 cs.
928 3390 974 3450 23,
984 3391 1009 3439 4.
1100 3384 1136 3439 21
1157 3386 1215 3439 cini
1233 3388 1268 3441 P.

332 3454 370 3509 st
389 3458 415 3509 d.
426 3473 457 3524 p.
473 3457 516 3508 est
534 3456 598 3509 odd.
671 3455 826 3509 renascatis
841 3458 874 3511 P.
893 3458 928 3523 cf.
944 3461 991 3521 68,
1002 3462 1043 3511 14.

404 3633 442 3686 ll)
467 3635 502 3701 cf.
521 3638 602 3699 49,st
632 3638 676 3700 73,
690 3639 716 3688 9.
809 3635 899 3689 Malle.
925 3634 1076 3688 LXXJW
1092 3638 1113 3689 I
1131 3640 1167 3691 45
1193 3634 1342 3690 manifesta

332 3705 467 3758 sermonis
495 3706 728 3773 interpretatione
752 3704 932 3775 signavimus.
971 3706 1167 3762 XO1V0115
1186 3708 1217 3761 in
1233 3718 1341 3776 praece·

332 3776 411 3829 denti
431 3776 668 3830 demonstratione
687 3776 869 3846 signavimus.
