<?xml version="1.0" encoding="UTF-8"?>
<!DOCTYPE html PUBLIC "-//W3C//DTD XHTML 1.0 Transitional//EN"
    "http://www.w3.org/TR/xhtml1/DTD/xhtml1-transitional.dtd">
<html xmlns="http://www.w3.org/1999/xhtml" xml:lang="en" lang="en">
 <head>
  <title>
</title>
<meta http-equiv="Content-Type" content="text/html;charset=utf-8" />
  <meta name='ocr-system' content='tesseract 3.04.00' />
  <meta name='ocr-capabilities' content='ocr_page ocr_carea ocr_par ocr_line ocrx_word'/>
</head>
<body>
  <div class='ocr_page' id='page_1' title='image "./iulifirmicimate00zieggoog_0065.png"; bbox 0 0 3100 4359; ppageno 0'>
   <div class='ocr_carea' id='block_1_1' title="bbox 413 379 1213 445">
    <p class='ocr_par' dir='ltr' id='par_1_1' title="bbox 413 379 1213 445">
     <span class='ocr_line' id='line_1_1' title="bbox 413 379 1213 445; baseline -0.004 -11"><span class='ocrx_word' id='word_1_1' title='bbox 413 379 462 434; x_wconf 82' lang='lat' dir='ltr'>DE</span> <span class='ocrx_word' id='word_1_2' title='bbox 481 379 629 434; x_wconf 78' lang='lat' dir='ltr'>ERRORE</span> <span class='ocrx_word' id='word_1_3' title='bbox 647 379 751 434; x_wconf 74' lang='lat' dir='ltr'>Paos.</span> <span class='ocrx_word' id='word_1_4' title='bbox 765 379 846 434; x_wconf 75' lang='lat' dir='ltr'>Rau.</span> <span class='ocrx_word' id='word_1_5' title='bbox 866 379 943 434; x_wconf 81' lang='lat' dir='ltr'>cAP.</span> <span class='ocrx_word' id='word_1_6' title='bbox 957 380 996 432; x_wconf 89' lang='grc' dir='ltr'>ΙΙΙ</span> <span class='ocrx_word' id='word_1_7' title='bbox 1193 379 1213 445; x_wconf 89' lang='grc'><strong>9</strong></span> 
     </span>
    </p>
   </div>
   <div class='ocr_carea' id='block_1_2' title="bbox 175 548 1248 984">
    <p class='ocr_par' dir='ltr' id='par_1_2' title="bbox 175 548 1248 984">
     <span class='ocr_line' id='line_1_2' title="bbox 205 548 1214 625; baseline 0.001 -20"><span class='ocrx_word' id='word_1_8' title='bbox 205 549 308 607; x_wconf 87' lang='lat' dir='ltr'>annuis</span> <span class='ocrx_word' id='word_1_9' title='bbox 336 548 465 608; x_wconf 88' lang='lat' dir='ltr'>luctibus</span> <span class='ocrx_word' id='word_1_10' title='bbox 492 552 672 625; x_wconf 90' lang='lat' dir='ltr'>occupatus·</span> <span class='ocrx_word' id='word_1_11' title='bbox 687 550 782 608; x_wconf 85' lang='lat' dir='ltr'>vitam</span> <span class='ocrx_word' id='word_1_12' title='bbox 810 567 925 625; x_wconf 88' lang='lat' dir='ltr'>semper</span> <span class='ocrx_word' id='word_1_13' title='bbox 947 549 1214 625; x_wconf 82' lang='lat' dir='ltr'>fugias·.mortem</span> 
     </span>
     <span class='ocr_line' id='line_1_3' title="bbox 204 637 1248 716; baseline 0.008 -23"><span class='ocrx_word' id='word_1_14' title='bbox 204 637 345 711; x_wconf 88' lang='lat' dir='ltr'>requiras.</span> <span class='ocrx_word' id='word_1_15' title='bbox 381 638 492 697; x_wconf 79' lang='lat' dir='ltr'><strong>Dicant</strong></span> <span class='ocrx_word' id='word_1_16' title='bbox 509 639 585 697; x_wconf 87' lang='lat' dir='ltr'>mihi</span> <span class='ocrx_word' id='word_1_17' title='bbox 604 638 676 713; x_wconf 91' lang='lat' dir='ltr'>quid</span> <span class='ocrx_word' id='word_1_18' title='bbox 699 639 755 698; x_wconf 91' lang='lat' dir='ltr'>hoc</span> <span class='ocrx_word' id='word_1_19' title='bbox 774 638 909 716; x_wconf 85' lang='lat' dir='ltr'>frugibus</span> <span class='ocrx_word' id='word_1_20' title='bbox 928 639 1050 713; x_wconf 86' lang='lat' dir='ltr'>profuit,</span> <span class='ocrx_word' id='word_1_21' title='bbox 1073 639 1108 695; x_wconf 90' lang='lat' dir='ltr'>ut</span> <span class='ocrx_word' id='word_1_22' title='bbox 1125 637 1213 699; x_wconf 87' lang='lat' dir='ltr'>fletus</span> <span class='ocrx_word' id='word_1_23' title='bbox 1232 652 1248 700; x_wconf 84' lang='lat'>4</span> 
     </span>
     <span class='ocr_line' id='line_1_4' title="bbox 204 726 1213 802; baseline 0.001 -19"><span class='ocrx_word' id='word_1_24' title='bbox 204 743 270 784; x_wconf 86' lang='lat' dir='ltr'>suos</span> <span class='ocrx_word' id='word_1_25' title='bbox 293 728 403 787; x_wconf 81' lang='lat' dir='ltr'><strong>annuis</strong></span> <span class='ocrx_word' id='word_1_26' title='bbox 426 727 590 786; x_wconf 78' lang='lat' dir='ltr'>ubilatibus</span> <span class='ocrx_word' id='word_1_27' title='bbox 609 729 761 802; x_wconf 86' lang='lat' dir='ltr'>renovent,</span> <span class='ocrx_word' id='word_1_28' title='bbox 784 729 819 785; x_wconf 89' lang='lat' dir='ltr'>ut</span> <span class='ocrx_word' id='word_1_29' title='bbox 841 729 938 786; x_wconf 85' lang='lat' dir='ltr'>renati</span> <span class='ocrx_word' id='word_1_30' title='bbox 956 727 1068 785; x_wconf 86' lang='lat' dir='ltr'>funeris</span> <span class='ocrx_word' id='word_1_31' title='bbox 1093 726 1213 785; x_wconf 89' lang='lat' dir='ltr'>calami·</span> 
     </span>
     <span class='ocr_line' id='line_1_5' title="bbox 201 814 1213 894; baseline 0.002 -22"><span class='ocrx_word' id='word_1_32' title='bbox 201 814 313 874; x_wconf 84' lang='lat' dir='ltr'>tutibus</span> <span class='ocrx_word' id='word_1_33' title='bbox 331 818 544 894; x_wconf 76' lang='lat' dir='ltr'>ingemescant,</span> <span class='ocrx_word' id='word_1_34' title='bbox 568 817 647 893; x_wconf 91' lang='lat' dir='ltr'>quod</span> <span class='ocrx_word' id='word_1_35' title='bbox 671 815 773 875; x_wconf 85' lang='lat' dir='ltr'>dicant</span> <span class='ocrx_word' id='word_1_36' title='bbox 796 817 922 892; x_wconf 88' lang='lat' dir='ltr'>physica</span> <span class='ocrx_word' id='word_1_37' title='bbox 939 817 1056 874; x_wconf 88' lang='lat' dir='ltr'>ratione</span> <span class='ocrx_word' id='word_1_38' title='bbox 1079 817 1213 890; x_wconf 86' lang='lat' dir='ltr'>conposi-</span> 
     </span>
     <span class='ocr_line' id='line_1_6' title="bbox 175 902 1213 984; baseline 0.003 -23"><span class='ocrx_word' id='word_1_39' title='bbox 175 902 283 962; x_wconf 81' lang='lat' dir='ltr'>etum?</span> <span class='ocrx_word' id='word_1_40' title='bbox 315 903 440 983; x_wconf 84' lang='lat' dir='ltr'>Lugetis</span> <span class='ocrx_word' id='word_1_41' title='bbox 463 909 494 965; x_wconf 89' lang='lat' dir='ltr'>et</span> <span class='ocrx_word' id='word_1_42' title='bbox 516 905 669 984; x_wconf 74' lang='lat' dir='ltr'>plangitis,</span> <span class='ocrx_word' id='word_1_43' title='bbox 701 909 733 964; x_wconf 90' lang='lat' dir='ltr'>et</span> <span class='ocrx_word' id='word_1_44' title='bbox 754 906 853 964; x_wconf 87' lang='lat' dir='ltr'>luctus</span> <span class='ocrx_word' id='word_1_45' title='bbox 875 908 990 964; x_wconf 86' lang='lat' dir='ltr'>vestros</span> <span class='ocrx_word' id='word_1_46' title='bbox 1014 904 1076 963; x_wconf 91' lang='lat' dir='ltr'>alia</span> <span class='ocrx_word' id='word_1_47' title='bbox 1097 906 1213 964; x_wconf 87' lang='lat' dir='ltr'>ratione</span> 
     </span>
    </p>
   </div>
   <div class='ocr_carea' id='block_1_3' title="bbox 156 993 1302 2942">
    <p class='ocr_par' dir='ltr' id='par_1_3' title="bbox 161 993 1302 1783">
     <span class='ocr_line' id='line_1_7' title="bbox 199 993 1214 1072; baseline 0.003 -22"><span class='ocrx_word' id='word_1_48' title='bbox 199 993 312 1052; x_wconf 84' lang='lat' dir='ltr'>celatis.</span> <span class='ocrx_word' id='word_1_49' title='bbox 363 994 457 1054; x_wconf 80' lang='lat' dir='ltr'>Novit</span> <span class='ocrx_word' id='word_1_50' title='bbox 484 995 617 1072; x_wconf 84' lang='lat' dir='ltr'>agricola</span> <span class='ocrx_word' id='word_1_51' title='bbox 644 995 763 1071; x_wconf 90' lang='lat' dir='ltr'>quando</span> <span class='ocrx_word' id='word_1_52' title='bbox 786 997 898 1053; x_wconf 89' lang='lat' dir='ltr'>terram</span> <span class='ocrx_word' id='word_1_53' title='bbox 922 996 1022 1053; x_wconf 90' lang='lat' dir='ltr'>aratro</span> <span class='ocrx_word' id='word_1_54' title='bbox 1054 994 1214 1068; x_wconf 83' lang='lat' dir='ltr'>dimoveat,</span> 
     </span>
     <span class='ocr_line' id='line_1_8' title="bbox 197 1075 1302 1164; baseline 0.006 -25"><span class='ocrx_word' id='word_1_55' title='bbox 197 1083 282 1142; x_wconf 88' lang='lat' dir='ltr'>novit</span> <span class='ocrx_word' id='word_1_56' title='bbox 311 1083 431 1159; x_wconf 92' lang='lat' dir='ltr'>quando</span> <span class='ocrx_word' id='word_1_57' title='bbox 453 1075 456 1164; x_wconf 69' lang='lat' dir='ltr'>l</span> <span class='ocrx_word' id='word_1_58' title='bbox 478 1084 567 1143; x_wconf 88' lang='lat' dir='ltr'>sulcis</span> <span class='ocrx_word' id='word_1_59' title='bbox 594 1085 744 1142; x_wconf 76' lang='lat' dir='ltr'>immerita</span> <span class='ocrx_word' id='word_1_60' title='bbox 771 1085 953 1152; x_wconf 75' lang='lat' dir='ltr'>committat,</span> <span class='ocrx_word' id='word_1_61' title='bbox 981 1084 1066 1141; x_wconf 88' lang='lat' dir='ltr'>novit</span> <span class='ocrx_word' id='word_1_62' title='bbox 1094 1083 1302 1158; x_wconf 69' lang='lat' dir='ltr'>quandem-³0</span> 
     </span>
     <span class='ocr_line' id='line_1_9' title="bbox 197 1171 1211 1251; baseline 0.002 -22"><span class='ocrx_word' id='word_1_63' title='bbox 197 1176 366 1232; x_wconf 86' lang='lat' dir='ltr'>maturatae</span> <span class='ocrx_word' id='word_1_64' title='bbox 394 1173 466 1233; x_wconf 91' lang='lat' dir='ltr'>solis</span> <span class='ocrx_word' id='word_1_65' title='bbox 490 1172 644 1233; x_wconf 90' lang='lat' dir='ltr'>ardoribus</span> <span class='ocrx_word' id='word_1_66' title='bbox 673 1173 798 1251; x_wconf 91' lang='lat' dir='ltr'>colligat</span> <span class='ocrx_word' id='word_1_67' title='bbox 825 1175 952 1251; x_wconf 85' lang='lat' dir='ltr'>segetes,</span> <span class='ocrx_word' id='word_1_68' title='bbox 980 1173 1066 1230; x_wconf 86' lang='lat' dir='ltr'>novit</span> <span class='ocrx_word' id='word_1_69' title='bbox 1092 1171 1211 1247; x_wconf 90' lang='lat' dir='ltr'>quaudo</span> 
     </span>
     <span class='ocr_line' id='line_1_10' title="bbox 196 1261 1265 1339; baseline -0.001 -19"><span class='ocrx_word' id='word_1_70' title='bbox 196 1264 291 1321; x_wconf 86' lang='lat' dir='ltr'>tostas</span> <span class='ocrx_word' id='word_1_71' title='bbox 319 1265 401 1320; x_wconf 89' lang='lat' dir='ltr'>terat</span> <span class='ocrx_word' id='word_1_72' title='bbox 429 1263 538 1339; x_wconf 85' lang='lat' dir='ltr'>fruges.</span> <span class='ocrx_word' id='word_1_73' title='bbox 589 1261 671 1320; x_wconf 93' lang='lat' dir='ltr'>Haec</span> <span class='ocrx_word' id='word_1_74' title='bbox 697 1264 743 1322; x_wconf 87' lang='lat' dir='ltr'>est</span> <span class='ocrx_word' id='word_1_75' title='bbox 769 1263 895 1338; x_wconf 88' lang='lat' dir='ltr'>physica</span> <span class='ocrx_word' id='word_1_76' title='bbox 921 1262 1013 1334; x_wconf 90' lang='lat' dir='ltr'>ratio,</span> <span class='ocrx_word' id='word_1_77' title='bbox 1043 1261 1116 1320; x_wconf 82' lang='lat' dir='ltr'>liaeo</span> <span class='ocrx_word' id='word_1_78' title='bbox 1144 1263 1214 1321; x_wconf 90' lang='lat' dir='ltr'>sunt</span> <span class='ocrx_word' id='word_1_79' title='bbox 1262 1303 1265 1308; x_wconf 88' lang='lat'>-</span> 
     </span>
     <span class='ocr_line' id='line_1_11' title="bbox 161 1350 1213 1427; baseline -0.001 -18"><span class='ocrx_word' id='word_1_80' title='bbox 161 1370 185 1409; x_wconf 89' lang='lat'>1⁰</span> <span class='ocrx_word' id='word_1_81' title='bbox 197 1369 266 1409; x_wconf 87' lang='lat' dir='ltr'>vera</span> <span class='ocrx_word' id='word_1_82' title='bbox 289 1350 446 1425; x_wconf 86' lang='lat' dir='ltr'>sacrificia,</span> <span class='ocrx_word' id='word_1_83' title='bbox 470 1369 546 1427; x_wconf 90' lang='lat' dir='ltr'>quae</span> <span class='ocrx_word' id='word_1_84' title='bbox 565 1351 602 1410; x_wconf 88' lang='lat' dir='ltr'>ab</span> <span class='ocrx_word' id='word_1_85' title='bbox 621 1369 711 1409; x_wconf 90' lang='lat' dir='ltr'>sanae</span> <span class='ocrx_word' id='word_1_86' title='bbox 729 1353 839 1410; x_wconf 87' lang='lat' dir='ltr'>mentis</span> <span class='ocrx_word' id='word_1_87' title='bbox 856 1351 1026 1410; x_wconf 90' lang='lat' dir='ltr'>hominibus</span> <span class='ocrx_word' id='word_1_88' title='bbox 1049 1369 1147 1409; x_wconf 89' lang='lat' dir='ltr'>annuo</span> <span class='ocrx_word' id='word_1_89' title='bbox 1170 1351 1213 1408; x_wconf 94' lang='lat' dir='ltr'>la·</span> 
     </span>
     <span class='ocr_line' id='line_1_12' title="bbox 196 1439 1214 1516; baseline 0 -19"><span class='ocrx_word' id='word_1_90' title='bbox 196 1439 266 1499; x_wconf 90' lang='lat' dir='ltr'>bore</span> <span class='ocrx_word' id='word_1_91' title='bbox 290 1440 484 1514; x_wconf 88' lang='lat' dir='ltr'>conplentur,</span> <span class='ocrx_word' id='word_1_92' title='bbox 510 1441 588 1499; x_wconf 90' lang='lat' dir='ltr'>hanc</span> <span class='ocrx_word' id='word_1_93' title='bbox 611 1440 835 1516; x_wconf 84' lang='lat' dir='ltr'>simplicitatem</span> <span class='ocrx_word' id='word_1_94' title='bbox 858 1440 1001 1500; x_wconf 86' lang='lat' dir='ltr'>divinitas</span> <span class='ocrx_word' id='word_1_95' title='bbox 1025 1441 1151 1514; x_wconf 88' lang='lat' dir='ltr'>quaerit,</span> <span class='ocrx_word' id='word_1_96' title='bbox 1178 1441 1214 1497; x_wconf 88' lang='lat' dir='ltr'>ut</span> 
     </span>
     <span class='ocr_line' id='line_1_13' title="bbox 195 1529 1212 1607; baseline 0.001 -23"><span class='ocrx_word' id='word_1_97' title='bbox 195 1529 332 1588; x_wconf 90' lang='lat' dir='ltr'>homines</span> <span class='ocrx_word' id='word_1_98' title='bbox 356 1531 388 1587; x_wconf 90' lang='lat' dir='ltr'>in</span> <span class='ocrx_word' id='word_1_99' title='bbox 410 1529 585 1607; x_wconf 89' lang='lat' dir='ltr'>colligendis</span> <span class='ocrx_word' id='word_1_100' title='bbox 608 1529 753 1589; x_wconf 59' lang='lat' dir='ltr'>motibus</span> <span class='ocrx_word' id='word_1_101' title='bbox 780 1529 926 1588; x_wconf 86' lang='lat' dir='ltr'>ordinatis</span> <span class='ocrx_word' id='word_1_102' title='bbox 948 1530 1118 1603; x_wconf 90' lang='lat' dir='ltr'>temporum</span> <span class='ocrx_word' id='word_1_103' title='bbox 1139 1529 1212 1605; x_wconf 91' lang='lat' dir='ltr'>legi·</span> 
     </span>
     <span class='ocr_line' id='line_1_14' title="bbox 195 1616 1213 1694; baseline 0 -19"><span class='ocrx_word' id='word_1_104' title='bbox 195 1617 250 1678; x_wconf 91' lang='lat' dir='ltr'>bus</span> <span class='ocrx_word' id='word_1_105' title='bbox 287 1621 430 1678; x_wconf 85' lang='lat' dir='ltr'>serviant.</span> <span class='ocrx_word' id='word_1_106' title='bbox 484 1616 544 1676; x_wconf 77' lang='lat' dir='ltr'>(lur</span> <span class='ocrx_word' id='word_1_107' title='bbox 573 1618 642 1677; x_wconf 91' lang='lat' dir='ltr'>huic</span> <span class='ocrx_word' id='word_1_108' title='bbox 669 1618 767 1678; x_wconf 85' lang='lat' dir='ltr'>ordini</span> <span class='ocrx_word' id='word_1_109' title='bbox 790 1620 915 1678; x_wconf 82' lang='lat' dir='ltr'>miserae</span> <span class='ocrx_word' id='word_1_110' title='bbox 938 1617 1043 1677; x_wconf 85' lang='lat' dir='ltr'>mortis</span> <span class='ocrx_word' id='word_1_111' title='bbox 1071 1617 1213 1694; x_wconf 86' lang='lat' dir='ltr'>figmenta</span> 
     </span>
     <span class='ocr_line' id='line_1_15' title="bbox 196 1705 1212 1783; baseline -0.001 -18"><span class='ocrx_word' id='word_1_112' title='bbox 196 1709 337 1782; x_wconf 85' lang='lat' dir='ltr'>quaesita</span> <span class='ocrx_word' id='word_1_113' title='bbox 360 1706 449 1767; x_wconf 84' lang='lat' dir='ltr'>sunt?</span> <span class='ocrx_word' id='word_1_114' title='bbox 483 1705 542 1766; x_wconf 84' lang='lat' dir='ltr'>Gur</span> <span class='ocrx_word' id='word_1_115' title='bbox 568 1708 684 1767; x_wconf 88' lang='lat' dir='ltr'>celatur</span> <span class='ocrx_word' id='word_1_116' title='bbox 709 1709 843 1767; x_wconf 81' lang='lat' dir='ltr'>lacrimis</span> <span class='ocrx_word' id='word_1_117' title='bbox 866 1707 945 1783; x_wconf 92' lang='lat' dir='ltr'>quod</span> <span class='ocrx_word' id='word_1_118' title='bbox 970 1707 1060 1765; x_wconf 87' lang='lat' dir='ltr'>celari</span> <span class='ocrx_word' id='word_1_119' title='bbox 1082 1725 1141 1764; x_wconf 91' lang='lat' dir='ltr'>non</span> <span class='ocrx_word' id='word_1_120' title='bbox 1165 1706 1212 1764; x_wconf 89' lang='lat' dir='ltr'>de·</span> 
     </span>
    </p>

    <p class='ocr_par' dir='ltr' id='par_1_4' title="bbox 158 1795 1274 2227">
     <span class='ocr_line' id='line_1_16' title="bbox 158 1795 1213 1871; baseline -0.002 -17"><span class='ocrx_word' id='word_1_121' title='bbox 158 1816 182 1854; x_wconf 80' lang='lat'>15</span> <span class='ocrx_word' id='word_1_122' title='bbox 195 1795 282 1855; x_wconf 78' lang='lat' dir='ltr'>buit?</span> <span class='ocrx_word' id='word_1_123' title='bbox 314 1796 401 1855; x_wconf 90' lang='lat' dir='ltr'>Unde</span> <span class='ocrx_word' id='word_1_124' title='bbox 428 1797 625 1856; x_wconf 87' lang='lat' dir='ltr'>confiteantur</span> <span class='ocrx_word' id='word_1_125' title='bbox 651 1815 768 1856; x_wconf 90' lang='lat' dir='ltr'>necesse</span> <span class='ocrx_word' id='word_1_126' title='bbox 797 1800 855 1871; x_wconf 89' lang='lat' dir='ltr'>est,</span> <span class='ocrx_word' id='word_1_127' title='bbox 882 1797 955 1856; x_wconf 89' lang='lat' dir='ltr'>haec</span> <span class='ocrx_word' id='word_1_128' title='bbox 983 1813 1067 1854; x_wconf 90' lang='lat' dir='ltr'>sacra</span> <span class='ocrx_word' id='word_1_129' title='bbox 1094 1814 1154 1853; x_wconf 89' lang='lat' dir='ltr'>uon</span> <span class='ocrx_word' id='word_1_130' title='bbox 1180 1797 1213 1853; x_wconf 91' lang='lat' dir='ltr'>in</span> 
     </span>
     <span class='ocr_line' id='line_1_17' title="bbox 195 1885 1213 1962; baseline -0.001 -18"><span class='ocrx_word' id='word_1_131' title='bbox 195 1886 342 1944; x_wconf 89' lang='lat' dir='ltr'>honorem</span> <span class='ocrx_word' id='word_1_132' title='bbox 372 1887 492 1962; x_wconf 79' lang='lat' dir='ltr'>frugum</span> <span class='ocrx_word' id='word_1_133' title='bbox 520 1885 571 1944; x_wconf 91' lang='lat' dir='ltr'>sed</span> <span class='ocrx_word' id='word_1_134' title='bbox 598 1888 631 1945; x_wconf 87' lang='lat' dir='ltr'>in</span> <span class='ocrx_word' id='word_1_135' title='bbox 658 1886 797 1945; x_wconf 91' lang='lat' dir='ltr'>honorem</span> <span class='ocrx_word' id='word_1_136' title='bbox 831 1904 894 1945; x_wconf 86' lang='lat' dir='ltr'>esse</span> <span class='ocrx_word' id='word_1_137' title='bbox 926 1886 1082 1959; x_wconf 89' lang='lat' dir='ltr'>conposita</span> <span class='ocrx_word' id='word_1_138' title='bbox 1108 1885 1213 1943; x_wconf 88' lang='lat' dir='ltr'>mortis</span> 
     </span>
     <span class='ocr_line' id='line_1_18' title="bbox 195 1973 1248 2050; baseline 0.005 -18"><span class='ocrx_word' id='word_1_139' title='bbox 195 1975 322 2034; x_wconf 84' lang='lat' dir='ltr'>alienae.</span> <span class='ocrx_word' id='word_1_140' title='bbox 364 1975 444 2033; x_wconf 87' lang='lat' dir='ltr'>Nam</span> <span class='ocrx_word' id='word_1_141' title='bbox 468 1975 547 2050; x_wconf 93' lang='lat' dir='ltr'>quod</span> <span class='ocrx_word' id='word_1_142' title='bbox 570 1978 681 2033; x_wconf 85' lang='lat' dir='ltr'>terram</span> <span class='ocrx_word' id='word_1_143' title='bbox 699 1979 826 2034; x_wconf 88' lang='lat' dir='ltr'>matrem</span> <span class='ocrx_word' id='word_1_144' title='bbox 849 1993 912 2035; x_wconf 87' lang='lat' dir='ltr'>esso</span> <span class='ocrx_word' id='word_1_145' title='bbox 935 1975 1068 2033; x_wconf 87' lang='lat' dir='ltr'>omnium</span> <span class='ocrx_word' id='word_1_146' title='bbox 1091 1973 1248 2037; x_wconf 78' lang='lat' dir='ltr'>deorumb</span> 
     </span>
     <span class='ocr_line' id='line_1_19' title="bbox 194 2063 1213 2140; baseline -0.002 -18"><span class='ocrx_word' id='word_1_147' title='bbox 194 2064 301 2123; x_wconf 90' lang='lat' dir='ltr'>dicunt</span> <span class='ocrx_word' id='word_1_148' title='bbox 337 2065 390 2139; x_wconf 90' lang='lat' dir='ltr'>qui</span> <span class='ocrx_word' id='word_1_149' title='bbox 417 2064 487 2123; x_wconf 89' lang='lat' dir='ltr'>huic</span> <span class='ocrx_word' id='word_1_150' title='bbox 514 2065 659 2123; x_wconf 88' lang='lat' dir='ltr'>elemento</span> <span class='ocrx_word' id='word_1_151' title='bbox 686 2065 799 2140; x_wconf 89' lang='lat' dir='ltr'>primas</span> <span class='ocrx_word' id='word_1_152' title='bbox 831 2063 968 2122; x_wconf 84' lang='lat' dir='ltr'>tribuunt</span> <span class='ocrx_word' id='word_1_153' title='bbox 999 2066 1113 2138; x_wconf 88' lang='lat' dir='ltr'>partes,</span> <span class='ocrx_word' id='word_1_154' title='bbox 1145 2081 1213 2121; x_wconf 89' lang='lat' dir='ltr'>vere</span> 
     </span>
     <span class='ocr_line' id='line_1_20' title="bbox 195 2152 1274 2227; baseline 0.003 -16"><span class='ocrx_word' id='word_1_155' title='bbox 195 2153 321 2213; x_wconf 91' lang='lat' dir='ltr'>deorum</span> <span class='ocrx_word' id='word_1_156' title='bbox 350 2171 470 2212; x_wconf 87' lang='lat' dir='ltr'>suorum</span> <span class='ocrx_word' id='word_1_157' title='bbox 497 2155 675 2227; x_wconf 73' lang='lat' dir='ltr'>mater&#39;est,</span> <span class='ocrx_word' id='word_1_158' title='bbox 700 2173 753 2212; x_wconf 89' lang='lat' dir='ltr'>uec</span> <span class='ocrx_word' id='word_1_159' title='bbox 777 2152 934 2212; x_wconf 90' lang='lat' dir='ltr'>abnuimus</span> <span class='ocrx_word' id='word_1_160' title='bbox 958 2155 1011 2211; x_wconf 91' lang='lat' dir='ltr'>aut</span> <span class='ocrx_word' id='word_1_161' title='bbox 1033 2170 1213 2226; x_wconf 89' lang='lat' dir='ltr'>recusamus,</span> <span class='ocrx_word' id='word_1_162' title='bbox 1229 2164 1274 2214; x_wconf 80' lang='lat'><em>(80)</em></span> 
     </span>
    </p>

    <p class='ocr_par' dir='ltr' id='par_1_5' title="bbox 157 2240 1214 2676">
     <span class='ocr_line' id='line_1_21' title="bbox 157 2240 1214 2318; baseline -0.001 -18"><span class='ocrx_word' id='word_1_163' title='bbox 157 2261 181 2300; x_wconf 80' lang='lat'>2⁰</span> <span class='ocrx_word' id='word_1_164' title='bbox 195 2243 267 2317; x_wconf 85' lang='lat' dir='ltr'>quia</span> <span class='ocrx_word' id='word_1_165' title='bbox 301 2241 341 2301; x_wconf 89' lang='lat' dir='ltr'>ab</span> <span class='ocrx_word' id='word_1_166' title='bbox 377 2242 434 2300; x_wconf 94' lang='lat' dir='ltr'>hac</span> <span class='ocrx_word' id='word_1_167' title='bbox 466 2243 605 2302; x_wconf 90' lang='lat' dir='ltr'>collectos</span> <span class='ocrx_word' id='word_1_168' title='bbox 639 2242 708 2301; x_wconf 86' lang='lat' dir='ltr'>deos</span> <span class='ocrx_word' id='word_1_169' title='bbox 741 2261 809 2302; x_wconf 87' lang='lat' dir='ltr'>suos</span> <span class='ocrx_word' id='word_1_170' title='bbox 824 2257 830 2268; x_wconf 88' lang='lat'><strong>·</strong></span> <span class='ocrx_word' id='word_1_171' title='bbox 846 2244 899 2300; x_wconf 89' lang='lat' dir='ltr'>aut</span> <span class='ocrx_word' id='word_1_172' title='bbox 934 2241 1068 2318; x_wconf 85' lang='lat' dir='ltr'>lapideos</span> <span class='ocrx_word' id='word_1_173' title='bbox 1099 2240 1214 2300; x_wconf 88' lang='lat' dir='ltr'>faciunt</span> 
     </span>
     <span class='ocr_line' id='line_1_22' title="bbox 194 2330 1213 2410; baseline -0.002 -20"><span class='ocrx_word' id='word_1_174' title='bbox 194 2351 314 2408; x_wconf 89' lang='lat' dir='ltr'>semper</span> <span class='ocrx_word' id='word_1_175' title='bbox 338 2334 391 2390; x_wconf 90' lang='lat' dir='ltr'>aut</span> <span class='ocrx_word' id='word_1_176' title='bbox 413 2331 536 2410; x_wconf 87' lang='lat' dir='ltr'>ligneos.</span> <span class='ocrx_word' id='word_1_177' title='bbox 583 2332 706 2390; x_wconf 84' lang='lat' dir='ltr'>Terram</span> <span class='ocrx_word' id='word_1_178' title='bbox 734 2351 851 2391; x_wconf 91' lang='lat' dir='ltr'>omnem</span> <span class='ocrx_word' id='word_1_179' title='bbox 874 2330 1083 2391; x_wconf 89' lang='lat' dir='ltr'>circumfluunt</span> <span class='ocrx_word' id='word_1_180' title='bbox 1109 2331 1213 2405; x_wconf 86' lang='lat' dir='ltr'>maria,</span> 
     </span>
     <span class='ocr_line' id='line_1_23' title="bbox 195 2418 1214 2498; baseline -0.003 -18"><span class='ocrx_word' id='word_1_181' title='bbox 195 2424 224 2480; x_wconf 89' lang='lat' dir='ltr'>et</span> <span class='ocrx_word' id='word_1_182' title='bbox 246 2439 355 2480; x_wconf 84' lang='lat' dir='ltr'>rursus</span> <span class='ocrx_word' id='word_1_183' title='bbox 378 2421 494 2479; x_wconf 86' lang='lat' dir='ltr'>inclusa</span> <span class='ocrx_word' id='word_1_184' title='bbox 508 2418 618 2479; x_wconf 88' lang='lat' dir='ltr'>Oceani</span> <span class='ocrx_word' id='word_1_185' title='bbox 637 2420 797 2480; x_wconf 87' lang='lat' dir='ltr'>ambientis</span> <span class='ocrx_word' id='word_1_186' title='bbox 818 2421 929 2480; x_wconf 89' lang='lat' dir='ltr'>circulo</span> <span class='ocrx_word' id='word_1_187' title='bbox 948 2419 1115 2498; x_wconf 88' lang='lat' dir='ltr'>stringitur,</span> <span class='ocrx_word' id='word_1_188' title='bbox 1138 2419 1214 2480; x_wconf 91' lang='lat' dir='ltr'>caeli</span> 
     </span>
     <span class='ocr_line' id='line_1_24' title="bbox 194 2509 1211 2586; baseline 0.001 -19"><span class='ocrx_word' id='word_1_189' title='bbox 194 2513 289 2569; x_wconf 90' lang='lat' dir='ltr'>etiam</span> <span class='ocrx_word' id='word_1_190' title='bbox 330 2510 462 2568; x_wconf 90' lang='lat' dir='ltr'>rotunda</span> <span class='ocrx_word' id='word_1_191' title='bbox 503 2509 687 2570; x_wconf 89' lang='lat' dir='ltr'>sublimitate</span> <span class='ocrx_word' id='word_1_192' title='bbox 728 2511 876 2586; x_wconf 86' lang='lat' dir='ltr'>operitur,</span> <span class='ocrx_word' id='word_1_193' title='bbox 917 2509 1061 2586; x_wconf 87' lang='lat' dir='ltr'>perflatur</span> <span class='ocrx_word' id='word_1_194' title='bbox 1100 2510 1211 2568; x_wconf 84' lang='lat' dir='ltr'>ventis·</span> 
     </span>
     <span class='ocr_line' id='line_1_25' title="bbox 196 2598 1213 2676; baseline -0.001 -19"><span class='ocrx_word' id='word_1_195' title='bbox 196 2601 370 2676; x_wconf 81' lang='lat' dir='ltr'>aspergitur</span> <span class='ocrx_word' id='word_1_196' title='bbox 391 2598 513 2674; x_wconf 85' lang='lat' dir='ltr'>pluviis,</span> <span class='ocrx_word' id='word_1_197' title='bbox 536 2600 567 2657; x_wconf 85' lang='lat' dir='ltr'>et</span> <span class='ocrx_word' id='word_1_198' title='bbox 584 2601 723 2658; x_wconf 83' lang='lat' dir='ltr'>timorem</span> <span class='ocrx_word' id='word_1_199' title='bbox 746 2619 833 2659; x_wconf 88' lang='lat' dir='ltr'>suum</span> <span class='ocrx_word' id='word_1_200' title='bbox 853 2599 966 2658; x_wconf 86' lang='lat' dir='ltr'>assidui</span> <span class='ocrx_word' id='word_1_201' title='bbox 983 2601 1082 2657; x_wconf 88' lang='lat' dir='ltr'>motus</span> <span class='ocrx_word' id='word_1_202' title='bbox 1104 2600 1213 2656; x_wconf 87' lang='lat' dir='ltr'>tremo·</span> 
     </span>
    </p>

    <p class='ocr_par' dir='ltr' id='par_1_6' title="bbox 156 2687 1212 2942">
     <span class='ocr_line' id='line_1_26' title="bbox 156 2687 1212 2764; baseline 0.001 -21"><span class='ocrx_word' id='word_1_203' title='bbox 156 2706 179 2745; x_wconf 79' lang='lat'>25</span> <span class='ocrx_word' id='word_1_204' title='bbox 193 2689 277 2748; x_wconf 83' lang='lat' dir='ltr'>ribus</span> <span class='ocrx_word' id='word_1_205' title='bbox 304 2687 469 2746; x_wconf 85' lang='lat' dir='ltr'>confitetur.</span> <span class='ocrx_word' id='word_1_206' title='bbox 516 2687 595 2757; x_wconf 84' lang='lat' dir='ltr'>Quid</span> <span class='ocrx_word' id='word_1_207' title='bbox 617 2706 671 2747; x_wconf 84' lang='lat' dir='ltr'>vos</span> <span class='ocrx_word' id='word_1_208' title='bbox 694 2692 816 2747; x_wconf 90' lang='lat' dir='ltr'>maneat</span> <span class='ocrx_word' id='word_1_209' title='bbox 843 2689 896 2764; x_wconf 91' lang='lat' dir='ltr'>qui</span> <span class='ocrx_word' id='word_1_210' title='bbox 917 2689 991 2747; x_wconf 89' lang='lat' dir='ltr'>haec</span> <span class='ocrx_word' id='word_1_211' title='bbox 1018 2687 1116 2747; x_wconf 88' lang='lat' dir='ltr'>colitis</span> <span class='ocrx_word' id='word_1_212' title='bbox 1145 2705 1212 2746; x_wconf 93' lang='lat' dir='ltr'>con-</span> 
     </span>
     <span class='ocr_line' id='line_1_27' title="bbox 192 2775 1212 2851; baseline 0 -17"><span class='ocrx_word' id='word_1_213' title='bbox 192 2778 337 2851; x_wconf 89' lang='lat' dir='ltr'>siderate,</span> <span class='ocrx_word' id='word_1_214' title='bbox 369 2795 437 2835; x_wconf 92' lang='lat' dir='ltr'>cum</span> <span class='ocrx_word' id='word_1_215' title='bbox 468 2777 511 2835; x_wconf 89' lang='lat' dir='ltr'>dii</span> <span class='ocrx_word' id='word_1_216' title='bbox 543 2779 636 2837; x_wconf 84' lang='lat' dir='ltr'>vestri</span> <span class='ocrx_word' id='word_1_217' title='bbox 667 2778 873 2838; x_wconf 90' lang='lat' dir='ltr'>infirmitatem</span> <span class='ocrx_word' id='word_1_218' title='bbox 901 2795 984 2835; x_wconf 88' lang='lat' dir='ltr'>suam</span> <span class='ocrx_word' id='word_1_219' title='bbox 1010 2776 1095 2836; x_wconf 87' lang='lat' dir='ltr'>vobis</span> <span class='ocrx_word' id='word_1_220' title='bbox 1126 2775 1212 2835; x_wconf 83' lang='lat' dir='ltr'>cott‘-</span> 
     </span>
     <span class='ocr_line' id='line_1_28' title="bbox 192 2865 716 2942; baseline -0.002 -16"><span class='ocrx_word' id='word_1_221' title='bbox 192 2866 296 2926; x_wconf 87' lang='lat' dir='ltr'>dianis</span> <span class='ocrx_word' id='word_1_222' title='bbox 320 2865 556 2925; x_wconf 81' lang='lat' dir='ltr'>confessionibus</span> <span class='ocrx_word' id='word_1_223' title='bbox 579 2866 716 2942; x_wconf 90' lang='lat' dir='ltr'>prodant.</span> 
     </span>
    </p>
   </div>
   <div class='ocr_carea' id='block_1_4' title="bbox 192 2999 1213 3286">
    <p class='ocr_par' dir='ltr' id='par_1_7' title="bbox 192 2999 1213 3286">
     <span class='ocr_line' id='line_1_29' title="bbox 285 2999 1212 3070; baseline 0 -17"><span class='ocrx_word' id='word_1_224' title='bbox 285 2999 482 3070; x_wconf 64' lang='lat' dir='ltr'>Harudes.</span> <span class='ocrx_word' id='word_1_225' title='bbox 498 3001 558 3054; x_wconf 86' lang='lat' dir='ltr'>VH</span> <span class='ocrx_word' id='word_1_226' title='bbox 570 3005 626 3056; x_wconf 79' lang='lat'>302</span> <span class='ocrx_word' id='word_1_227' title='bbox 645 2999 718 3065; x_wconf 83' lang='lat' dir='ltr'>Quid</span> <span class='ocrx_word' id='word_1_228' title='bbox 733 3000 829 3069; x_wconf 84' lang='lat' dir='ltr'>Syrtes</span> <span class='ocrx_word' id='word_1_229' title='bbox 848 3003 898 3054; x_wconf 87' lang='lat' dir='ltr'>aut</span> <span class='ocrx_word' id='word_1_230' title='bbox 917 2999 1012 3070; x_wconf 80' lang='lat' dir='ltr'>Scylla</span> <span class='ocrx_word' id='word_1_231' title='bbox 1034 2999 1114 3067; x_wconf 89' lang='lat' dir='ltr'>mihi,</span> <span class='ocrx_word' id='word_1_232' title='bbox 1143 2999 1212 3068; x_wconf 92' lang='lat' dir='ltr'>quid</span> 
     </span>
     <span class='ocr_line' id='line_1_30' title="bbox 192 3069 1213 3140; baseline 0 -14"><span class='ocrx_word' id='word_1_233' title='bbox 192 3075 276 3126; x_wconf 77' lang='lat' dir='ltr'>vasta</span> <span class='ocrx_word' id='word_1_234' title='bbox 292 3069 449 3139; x_wconf 80' lang='lat' dir='ltr'>Charybdis</span> <span class='ocrx_word' id='word_1_235' title='bbox 462 3070 587 3140; x_wconf 79' lang='lat' dir='ltr'>profuit?</span> <span class='ocrx_word' id='word_1_236' title='bbox 642 3072 661 3125; x_wconf 82' lang='grc'><strong>6</strong></span> <span class='ocrx_word' id='word_1_237' title='bbox 680 3072 763 3126; x_wconf 84' lang='lat' dir='ltr'>Lucr.</span> <span class='ocrx_word' id='word_1_238' title='bbox 781 3073 825 3128; x_wconf 85' lang='lat' dir='ltr'>VI</span> <span class='ocrx_word' id='word_1_239' title='bbox 834 3076 891 3126; x_wconf 86' lang='grc'>869</span> <span class='ocrx_word' id='word_1_240' title='bbox 909 3072 978 3126; x_wconf 87' lang='lat' dir='ltr'>Indo</span> <span class='ocrx_word' id='word_1_241' title='bbox 996 3071 1046 3126; x_wconf 90' lang='lat' dir='ltr'>ubi</span> <span class='ocrx_word' id='word_1_242' title='bbox 1066 3070 1107 3126; x_wconf 87' lang='lat' dir='ltr'>sol</span> <span class='ocrx_word' id='word_1_243' title='bbox 1125 3071 1213 3126; x_wconf 85' lang='lat' dir='ltr'>radiis</span> 
     </span>
     <span class='ocr_line' id='line_1_31' title="bbox 192 3141 1212 3215; baseline 0 -19"><span class='ocrx_word' id='word_1_244' title='bbox 192 3146 302 3197; x_wconf 87' lang='lat' dir='ltr'>terram</span> <span class='ocrx_word' id='word_1_245' title='bbox 326 3141 445 3195; x_wconf 91' lang='lat' dir='ltr'>dimovit</span> <span class='ocrx_word' id='word_1_246' title='bbox 468 3142 592 3196; x_wconf 83' lang='lat' dir='ltr'>obortus.</span> <span class='ocrx_word' id='word_1_247' title='bbox 617 3144 693 3214; x_wconf 75' lang='lat' dir='ltr'>Verg.</span> <span class='ocrx_word' id='word_1_248' title='bbox 710 3144 806 3215; x_wconf 76' lang='lat' dir='ltr'>Georp.</span> <span class='ocrx_word' id='word_1_249' title='bbox 822 3145 861 3196; x_wconf 94' lang='grc' dir='ltr'>ΙΙ</span> <span class='ocrx_word' id='word_1_250' title='bbox 876 3147 930 3198; x_wconf 86' lang='grc'>513</span> <span class='ocrx_word' id='word_1_251' title='bbox 949 3142 1074 3213; x_wconf 88' lang='lat' dir='ltr'>agricola</span> <span class='ocrx_word' id='word_1_252' title='bbox 1097 3143 1212 3197; x_wconf 87' lang='lat' dir='ltr'>incurvo</span> 
     </span>
     <span class='ocr_line' id='line_1_32' title="bbox 192 3212 1212 3286; baseline -0.002 -17"><span class='ocrx_word' id='word_1_253' title='bbox 192 3219 299 3269; x_wconf 83' lang='lat' dir='ltr'>terram</span> <span class='ocrx_word' id='word_1_254' title='bbox 315 3212 433 3267; x_wconf 85' lang='lat' dir='ltr'>dimovit</span> <span class='ocrx_word' id='word_1_255' title='bbox 447 3216 548 3268; x_wconf 89' lang='lat' dir='ltr'>aratro.</span> <span class='ocrx_word' id='word_1_256' title='bbox 580 3214 626 3269; x_wconf 82' lang='lat' dir='ltr'>Or.</span> <span class='ocrx_word' id='word_1_257' title='bbox 638 3215 706 3269; x_wconf 82' lang='lat' dir='ltr'>Met.</span> <span class='ocrx_word' id='word_1_258' title='bbox 722 3216 749 3269; x_wconf 90' lang='lat' dir='ltr'><em>V</em></span> <span class='ocrx_word' id='word_1_259' title='bbox 759 3219 811 3269; x_wconf 77' lang='lat'>341</span> <span class='ocrx_word' id='word_1_260' title='bbox 830 3214 963 3286; x_wconf 86' lang='lat' dir='ltr'>glaebam</span> <span class='ocrx_word' id='word_1_261' title='bbox 977 3215 1095 3268; x_wconf 89' lang='lat' dir='ltr'>dimovit</span> <span class='ocrx_word' id='word_1_262' title='bbox 1110 3217 1212 3269; x_wconf 88' lang='lat' dir='ltr'>aratro.</span> 
     </span>
    </p>
   </div>
   <div class='ocr_carea' id='block_1_5' title="bbox 193 3319 1213 3746">
    <p class='ocr_par' dir='ltr' id='par_1_8' title="bbox 193 3319 1213 3746">
     <span class='ocr_line' id='line_1_33' title="bbox 288 3319 1153 3391; baseline 0.002 -18"><span class='ocrx_word' id='word_1_263' title='bbox 288 3319 431 3375; x_wconf 71' lang='lat' dir='ltr'>Idume</span> <span class='ocrx_word' id='word_1_264' title='bbox 447 3320 537 3374; x_wconf 80' lang='lat' dir='ltr'>vitam</span> <span class='ocrx_word' id='word_1_265' title='bbox 551 3322 616 3376; x_wconf 85' lang='lat' dir='ltr'>odd.</span> <span class='ocrx_word' id='word_1_266' title='bbox 689 3321 916 3391; x_wconf 67' lang='lat' dir='ltr'>supposuit</span> <span class='ocrx_word' id='word_1_267' title='bbox 935 3321 999 3375; x_wconf 86' lang='lat' dir='ltr'>add.</span> <span class='ocrx_word' id='word_1_268' title='bbox 1072 3320 1153 3374; x_wconf 86' lang='lat' dir='ltr'>fletus</span> 
     </span>
     <span class='ocr_line' id='line_1_34' title="bbox 193 3391 1213 3462; baseline 0.001 -17"><span class='ocrx_word' id='word_1_269' title='bbox 193 3395 332 3447; x_wconf 85' lang='lat' dir='ltr'>renovent</span> <span class='ocrx_word' id='word_1_270' title='bbox 346 3433 387 3446; x_wconf 92' lang='lat'>...</span> <span class='ocrx_word' id='word_1_271' title='bbox 401 3391 493 3445; x_wconf 90' lang='lat' dir='ltr'>renati</span> <span class='ocrx_word' id='word_1_272' title='bbox 507 3394 541 3459; x_wconf 91' lang='lat' dir='ltr'>P,</span> <span class='ocrx_word' id='word_1_273' title='bbox 555 3410 580 3447; x_wconf 85' lang='lat' dir='ltr'>v.</span> <span class='ocrx_word' id='word_1_274' title='bbox 596 3394 663 3448; x_wconf 80' lang='grc' dir='ltr'>ΒΜ</span> <span class='ocrx_word' id='word_1_275' title='bbox 672 3396 738 3458; x_wconf 82' lang='lat'>277,</span> <span class='ocrx_word' id='word_1_276' title='bbox 751 3391 834 3446; x_wconf 85' lang='lat' dir='ltr'>fletus</span> <span class='ocrx_word' id='word_1_277' title='bbox 849 3392 931 3454; x_wconf 86' lang='lat' dir='ltr'>(fetus</span> <span class='ocrx_word' id='word_1_278' title='bbox 946 3394 1005 3462; x_wconf 84' lang='lat' dir='ltr'>Ha)</span> <span class='ocrx_word' id='word_1_279' title='bbox 1017 3435 1022 3446; x_wconf 91' lang='lat'><strong><em>.</em></strong></span> <span class='ocrx_word' id='word_1_280' title='bbox 1035 3435 1058 3446; x_wconf 91' lang='lat'>..</span> <span class='ocrx_word' id='word_1_281' title='bbox 1074 3393 1213 3446; x_wconf 86' lang='lat' dir='ltr'>seminent</span> 
     </span>
     <span class='ocr_line' id='line_1_35' title="bbox 195 3463 1139 3532; baseline 0.002 -15"><span class='ocrx_word' id='word_1_282' title='bbox 195 3507 218 3519; x_wconf 88' lang='lat'>..</span> <span class='ocrx_word' id='word_1_283' title='bbox 234 3463 320 3518; x_wconf 82' lang='lat' dir='ltr'>strati</span> <span class='ocrx_word' id='word_1_284' title='bbox 331 3480 375 3531; x_wconf 86' lang='lat' dir='ltr'>pr.</span> <span class='ocrx_word' id='word_1_285' title='bbox 454 3463 519 3517; x_wconf 81' lang='lat' dir='ltr'>bd.</span> <span class='ocrx_word' id='word_1_286' title='bbox 534 3471 597 3518; x_wconf 78' lang='lat' dir='ltr'>autc</span> <span class='ocrx_word' id='word_1_287' title='bbox 616 3466 645 3517; x_wconf 91' lang='lat' dir='ltr'>et</span> <span class='ocrx_word' id='word_1_288' title='bbox 658 3463 722 3517; x_wconf 87' lang='lat' dir='ltr'>add.</span> <span class='ocrx_word' id='word_1_289' title='bbox 806 3463 843 3517; x_wconf 86' lang='lat'>10</span> <span class='ocrx_word' id='word_1_290' title='bbox 862 3465 887 3518; x_wconf 83' lang='lat' dir='ltr'>d.</span> <span class='ocrx_word' id='word_1_291' title='bbox 903 3471 966 3518; x_wconf 82' lang='lat' dir='ltr'>autc</span> <span class='ocrx_word' id='word_1_292' title='bbox 984 3481 1057 3532; x_wconf 88' lang='lat' dir='ltr'>quae</span> <span class='ocrx_word' id='word_1_293' title='bbox 1075 3465 1139 3519; x_wconf 82' lang='lat' dir='ltr'>odd.</span> 
     </span>
     <span class='ocr_line' id='line_1_36' title="bbox 196 3533 1210 3602; baseline -0.001 -14"><span class='ocrx_word' id='word_1_294' title='bbox 196 3536 230 3590; x_wconf 96' lang='lat' dir='ltr'>ll</span> <span class='ocrx_word' id='word_1_295' title='bbox 252 3536 281 3590; x_wconf 84' lang='lat' dir='ltr'>d.</span> <span class='ocrx_word' id='word_1_296' title='bbox 296 3542 361 3589; x_wconf 75' lang='lat' dir='ltr'>autc</span> <span class='ocrx_word' id='word_1_297' title='bbox 378 3535 451 3588; x_wconf 91' lang='lat' dir='ltr'>hanc</span> <span class='ocrx_word' id='word_1_298' title='bbox 469 3535 534 3589; x_wconf 83' lang='lat' dir='ltr'>odd.</span> <span class='ocrx_word' id='word_1_299' title='bbox 604 3533 640 3589; x_wconf 81' lang='lat'>15</span> <span class='ocrx_word' id='word_1_300' title='bbox 660 3534 686 3588; x_wconf 82' lang='lat' dir='ltr'>d.</span> <span class='ocrx_word' id='word_1_301' title='bbox 698 3541 761 3602; x_wconf 79' lang='lat' dir='ltr'>poet</span> <span class='ocrx_word' id='word_1_302' title='bbox 779 3537 821 3588; x_wconf 84' lang='lat' dir='ltr'>cst</span> <span class='ocrx_word' id='word_1_303' title='bbox 835 3535 898 3590; x_wconf 84' lang='lat' dir='ltr'>add.</span> <span class='ocrx_word' id='word_1_304' title='bbox 954 3552 1010 3588; x_wconf 92' lang='lat' dir='ltr'>non</span> <span class='ocrx_word' id='word_1_305' title='bbox 1028 3535 1163 3589; x_wconf 87' lang='lat' dir='ltr'>inhonore</span> <span class='ocrx_word' id='word_1_306' title='bbox 1177 3536 1210 3588; x_wconf 91' lang='lat' dir='ltr'>P.</span> 
     </span>
     <span class='ocr_line' id='line_1_37' title="bbox 195 3605 1139 3674; baseline 0 -14"><span class='ocrx_word' id='word_1_307' title='bbox 195 3607 233 3660; x_wconf 81' lang='lat' dir='ltr'>lo</span> <span class='ocrx_word' id='word_1_308' title='bbox 253 3606 383 3674; x_wconf 69' lang='lat' dir='ltr'>obposita</span> <span class='ocrx_word' id='word_1_309' title='bbox 397 3608 430 3661; x_wconf 93' lang='lat' dir='ltr'>P.</span> <span class='ocrx_word' id='word_1_310' title='bbox 517 3606 554 3660; x_wconf 84' lang='grc'>18</span> <span class='ocrx_word' id='word_1_311' title='bbox 574 3606 683 3660; x_wconf 91' lang='lat' dir='ltr'>dicunt·</span> <span class='ocrx_word' id='word_1_312' title='bbox 699 3607 733 3659; x_wconf 90' lang='lat' dir='ltr'>P.</span> <span class='ocrx_word' id='word_1_313' title='bbox 816 3605 854 3659; x_wconf 77' lang='lat'>20</span> <span class='ocrx_word' id='word_1_314' title='bbox 873 3608 897 3661; x_wconf 74' lang='lat' dir='ltr'>ct.</span> <span class='ocrx_word' id='word_1_315' title='bbox 910 3611 974 3674; x_wconf 84' lang='lat' dir='ltr'>post</span> <span class='ocrx_word' id='word_1_316' title='bbox 992 3622 1055 3659; x_wconf 89' lang='lat' dir='ltr'>suos</span> <span class='ocrx_word' id='word_1_317' title='bbox 1075 3607 1139 3660; x_wconf 85' lang='lat' dir='ltr'>add.</span> 
     </span>
     <span class='ocr_line' id='line_1_38' title="bbox 194 3675 868 3746; baseline -0.003 -14"><span class='ocrx_word' id='word_1_318' title='bbox 194 3677 231 3732; x_wconf 78' lang='lat'>24</span> <span class='ocrx_word' id='word_1_319' title='bbox 251 3676 360 3746; x_wconf 88' lang='lat' dir='ltr'>plubiis</span> <span class='ocrx_word' id='word_1_320' title='bbox 374 3679 406 3730; x_wconf 78' lang='grc' dir='ltr'>Ρ.</span> <span class='ocrx_word' id='word_1_321' title='bbox 481 3675 519 3730; x_wconf 71' lang='grc'>26</span> <span class='ocrx_word' id='word_1_322' title='bbox 538 3677 564 3730; x_wconf 87' lang='lat' dir='ltr'>d.</span> <span class='ocrx_word' id='word_1_323' title='bbox 579 3682 643 3731; x_wconf 77' lang='lat' dir='ltr'>ante</span> <span class='ocrx_word' id='word_1_324' title='bbox 662 3692 725 3729; x_wconf 90' lang='lat' dir='ltr'>cum</span> <span class='ocrx_word' id='word_1_325' title='bbox 744 3677 808 3730; x_wconf 84' lang='lat' dir='ltr'>add.</span> <span class='ocrx_word' id='word_1_326' title='bbox 824 3677 868 3732; x_wconf 79' lang='lat' dir='ltr'>St.</span> 
     </span>
    </p>
   </div>
   <div class='ocr_carea' id='block_1_6' title="bbox 287 3783 1210 3851">
    <p class='ocr_par' dir='ltr' id='par_1_9' title="bbox 287 3783 1210 3851">
     <span class='ocr_line' id='line_1_39' title="bbox 287 3783 1210 3851; baseline 0 -15"><span class='ocrx_word' id='word_1_327' title='bbox 287 3784 324 3837; x_wconf 81' lang='lat'>13</span> <span class='ocrx_word' id='word_1_328' title='bbox 344 3783 475 3837; x_wconf 85' lang='lat' dir='ltr'>miseram</span> <span class='ocrx_word' id='word_1_329' title='bbox 493 3785 610 3838; x_wconf 87' lang='lat' dir='ltr'>mortem</span> <span class='ocrx_word' id='word_1_330' title='bbox 629 3785 711 3839; x_wconf 81' lang='lat' dir='ltr'>babes</span> <span class='ocrx_word' id='word_1_331' title='bbox 729 3789 801 3851; x_wconf 80' lang='lat'><em>46‚9</em></span> <span class='ocrx_word' id='word_1_332' title='bbox 818 3791 843 3838; x_wconf 82' lang='lat' dir='ltr'>ct</span> <span class='ocrx_word' id='word_1_333' title='bbox 862 3785 949 3840; x_wconf 80' lang='lat' dir='ltr'>dcccm</span> <span class='ocrx_word' id='word_1_334' title='bbox 965 3785 1118 3839; x_wconf 79' lang='lat' dir='ltr'>Matbcscos</span> <span class='ocrx_word' id='word_1_335' title='bbox 1139 3785 1210 3838; x_wconf 79' lang='lat' dir='ltr'>locis.</span> 
     </span>
    </p>
   </div>
   <div class='ocr_carea' id='block_1_7' title="bbox 0 0 1554 4359">
    <p class='ocr_par' dir='ltr' id='par_1_10' title="bbox 0 0 1554 4359">
     <span class='ocr_line' id='line_1_40' title="bbox 0 0 1554 4359; baseline 0 6"><span class='ocrx_word' id='word_1_336' title='bbox 0 0 1554 4359; x_wconf 95' lang='lat' dir='ltr'> </span> 
     </span>
    </p>
   </div>
  </div>
 </body>
</html>
