3100 4359
404 400 453 456 DE
471 400 620 455 ERRORE
639 400 742 455 Paos.
756 401 835 457 REL.
855 401 931 457 CAP.
946 402 1011 457 XVI
1172 402 1215 467 39

204 591 311 631 rorum.
357 572 435 630 Nam
457 572 489 629 in
511 572 653 630 honorem
676 570 830 629 bominum
847 572 1031 648 perditorum
1055 572 1142 632 aedes
1160 592 1215 649 pro

203 660 366 737 sepulchris
388 660 557 720 miseranda
578 660 733 718 hominum
756 662 885 720 servitus
909 662 987 720 fecit.
1024 661 1081 720 Hic
1104 680 1215 721 crema·

202 754 304 809 torum
326 769 483 826 corporum
506 749 629 808 favillae
647 753 813 823 servantur,
830 750 879 809 hic
899 751 1011 810 cineres
1029 754 1215 810 mortuorum

201 840 375 916 inreligiosa
402 840 466 916 lege
494 840 675 913 conduntur,
703 842 738 897 ut
765 840 938 899 acerbarum
964 842 1108 899 mortium
1130 858 1215 899 casus

178 929 366 988 scottidiano
395 929 585 987 victimarum
619 930 762 1005 sanguine
798 930 1013 1003 recrudescant,
1050 932 1085 989 ut
1120 929 1216 988 tristis

201 1018 427 1077 lamentationis
450 1018 546 1076 exitus
568 1021 728 1077 renovatus
752 1019 858 1077 annuis
882 1018 1012 1077 luctibus
1034 1023 1216 1094 renascatur,

201 1110 236 1165 ut
257 1109 373 1183 sopitos
396 1107 483 1166 fietus
505 1108 653 1166 recentior
674 1106 809 1166 ululatus
833 1110 973 1184 exagitet,
998 1111 1033 1166 ut
1054 1108 1216 1184 parricidia

201 1197 249 1254 rel
270 1197 387 1255 incesta
409 1196 457 1254 vel
479 1199 590 1256 mortes
613 1214 649 1253 ex
671 1214 822 1255 sacrorum
844 1196 906 1254 ritu
928 1197 1037 1256 misera
1059 1217 1142 1256 mens
1164 1198 1216 1257 ho·

201 1287 318 1343 minum
341 1289 372 1343 et
394 1285 489 1344 colere
513 1286 610 1344 discat
632 1288 663 1343 et
684 1286 790 1344 facere.
836 1285 1030 1363 Amputauda
1053 1290 1123 1346 sunt
1145 1287 1252 1351 baecc

163 1396 189 1433 ro
202 1375 398 1434 sacratissimi
419 1376 623 1451 imperatores,
646 1376 765 1450 penitus
790 1379 879 1451 atque
903 1375 1037 1451 delenda,
1058 1375 1062 1455 Ι
1083 1379 1113 1435 et
1136 1387 1324 1440 seve-sot·1⁶⁷

200 1465 330 1523 rissimis
358 1464 520 1523 edictorum
548 1468 716 1523 vestrorum
742 1463 859 1541 legibus
887 1465 1070 1543 corrigenda,
1092 1485 1129 1524 ne
1152 1466 1217 1523 diu·

200 1556 261 1612 tn'us
285 1554 456 1612 Romanum
478 1553 579 1612 orbem
601 1554 852 1629 praesumptionis
875 1555 962 1612 istius
984 1573 1065 1613 error
1082 1556 1218 1615 funestus

200 1644 375 1717 inmaculet,
403 1662 439 1701 ne
466 1644 626 1718 pestiferae
653 1643 874 1702 consuetudinis
902 1644 1091 1703 convalescat
1117 1644 1218 1720 inpro-

201 1732 290 1807 bitas,
315 1751 353 1790 ne
376 1732 513 1809 quicquit
534 1733 711 1791 hominem
734 1732 791 1791 dei
814 1736 939 1791 conatur
961 1733 1082 1809 perdere
1106 1734 1218 1794 diutius

164 1840 187 1878 15
200 1823 232 1879 in
255 1825 342 1880 terra
363 1820 539 1880 dominetur.
576 1821 692 1879 Nolunt
710 1822 833 1897 quidam
852 1824 882 1880 et
906 1826 1083 1901 repugnant,
1107 1825 1137 1881 et
1158 1823 1218 1881 exi·

199 1912 279 1969 tium
313 1930 400 1969 suum
430 1930 525 1986 prona
555 1910 719 1985 cupiditate
749 1911 927 1970 desiderant.
975 1912 1031 1971 Sed
1063 1912 1218 1971 subvenite

200 2000 330 2074 miseris,
357 2000 481 2059 liberate
508 2003 676 2075 pereuntes.
721 2000 770 2058 Ad
797 2001 852 2059 hoc
875 2000 959 2059 vobis
987 2001 1058 2060 deus
1087 2020 1218 2062 summus

200 2090 355 2148 commisit
381 2089 548 2165 imperium,
576 2093 611 2147 ut
637 2108 691 2164 per
712 2109 765 2149 vos
790 2091 919 2148 vulneris
944 2092 1031 2149 istius
1054 2090 1146 2169 plaga
1170 2109 1219 2149 cu·

200 2183 294 2238 retur.
341 2178 494 2238 Faciuoris
522 2197 623 2237 eorum
650 2179 817 2253 periculum
844 2181 966 2254 scimus,
996 2181 1103 2239 emonis
1131 2184 1219 2239 notae
1316 2228 1319 2235 .

163 2272 272 2328 coeunt
298 2287 419 2343 poenae,
443 2268 492 2327 sed
516 2268 623 2326 melius
646 2271 691 2327 est
713 2271 748 2327 ut
770 2268 902 2327 liberetis
926 2269 1043 2344 invitos,
1067 2289 1158 2345 quam
1185 2273 1220 2328 ut

200 2357 374 2417 volentibus
403 2359 571 2417 concedetis
599 2357 731 2416 exitium.
777 2357 974 2435 Aegrotantes
998 2360 1148 2418 contraria
1171 2359 1255 2422 det

200 2448 326 2520 lactant,
346 2450 376 2504 et
394 2465 462 2505 cum
479 2465 586 2523 corpus
603 2446 732 2507 hominis
751 2447 875 2506 adversa
895 2448 1029 2518 valitudo
1046 2448 1220 2524 possederit,

200 2540 311 2596 contra
337 2537 464 2594 salutem
492 2555 578 2594 suam
605 2554 624 2594 a
650 2536 856 2595 laborantibus
883 2556 1023 2613 perversa
1048 2539 1219 2613 poscuntur.

202 2625 304 2703 Capta
330 2643 413 2684 mens
440 2626 594 2703 languoris
622 2628 698 2683 vitio
725 2626 897 2686 morborum
923 2645 1037 2702 semper
1060 2630 1220 2704 augmenta

163 2733 187 2772 a
201 2716 370 2788 desiderat,
404 2717 434 2773 et
470 2716 601 2774 medelas
643 2714 791 2773 artificum
832 2720 992 2790 aspamata
1027 2719 1221 2792 contempnit,

200 2806 322 2882 respuit
350 2805 481 2862 remedia
511 2804 685 2878 medicinae,
717 2806 748 2863 et
779 2807 811 2863 in
844 2806 967 2863 exitium
1004 2824 1090 2864 suum
1126 2824 1222 2880 prona

299 2989 335 3047 14
355 2999 380 3047 1.
398 2993 465 3046 Tim.
481 2992 527 3046 VI
537 2998 571 3048 11
590 2999 616 3046 et
632 2998 659 3047 2.
679 2994 745 3047 Tim.
761 2994 818 3046 111
832 2998 876 3060 17,
895 2995 930 3060 cf.
947 2998 990 3060 70,
1000 2998 1037 3048 23
1052 2994 1122 3061 (st).

297 3136 315 3189 2
334 3136 403 3191 fecit
421 3137 466 3201 St,
484 3135 516 3190 fit
535 3136 569 3202 P,
587 3136 657 3190 facit
675 3137 722 3191 nt.
795 3134 813 3189 4
833 3140 967 3190 aceruarfi
986 3139 1019 3192 P.
1093 3136 1110 3191 5
1130 3152 1223 3191 recru-

202 3210 325 3263 descant
343 3210 400 3275 Be,
418 3208 596 3261 recrudescat
614 3210 647 3262 P.
738 3209 784 3262 dd.
795 3227 825 3276 p.
843 3207 878 3262 15
897 3210 1057 3278 repugnant
1080 3214 1105 3261 et
1123 3206 1162 3261 21)
1179 3208 1223 3260 in-

203 3281 278 3335 vitos
299 3280 363 3334 add.
423 3279 461 3333 22
481 3279 632 3348 possiderit
650 3281 683 3333 P.
757 3279 795 3333 24
814 3297 951 3349 moruorn
970 3282 1004 3335 P.
1078 3279 1116 3333 26
1135 3296 1223 3333 reme-

203 3354 253 3406 dia
271 3368 342 3406 corr.
358 3353 386 3405 P
397 3368 431 3405 ex
449 3351 582 3417 remediis,
597 3352 670 3420 quod
684 3352 879 3420 praeferebant
894 3369 938 3420 pr,
952 3352 999 3405 sed
1012 3368 1036 3405 v.
1051 3351 1089 3407 st
1103 3358 1127 3405 et
1141 3355 1185 3417 40,
1195 3356 1221 3407 2.

300 3513 371 3580 les.
385 3512 424 3567 cd
442 3518 521 3579 0314.
614 3511 651 3565 la
672 3512 761 3565 Motis.
778 3516 869 3579 95,16
893 3511 979 3565 crevit
1002 3510 1166 3579 inprobitas.
1187 3512 1221 3576 cf.

204 3586 243 3640 od
261 3589 343 3650 40,1.
427 3584 464 3637 tc
484 3586 574 3639 Motis.
589 3584 679 3639 LXX
686 3582 771 3637 V1⁰1
788 3590 802 3637 1
824 3599 913 3652 prona
939 3582 1041 3635 mentis
1066 3581 1223 3650 cupiditate

206 3656 380 3711 desiderans.
399 3657 434 3723 cf.
449 3657 487 3711 od
500 3661 600 3722 29,17.
670 3654 708 3708 26
727 3656 818 3709 Mate.
836 3653 952 3710 011101
963 3659 999 3709 40
1012 3669 1101 3751 prono
1116 3653 1222 3707 animo-

205 3728 302 3782 sitatis
320 3727 422 3782 etudio.
462 3726 529 3782 ΟΨ
542 3730 563 3782 I
577 3732 614 3783 24
633 3741 722 3796 prona
736 3726 924 3780 animositate.
959 3726 1010 3781 OV
1036 3726 1073 3778 ΙΙ
1083 3729 1120 3781 27
1134 3741 1223 3793 prona

206 3798 336 3854 libidinis
354 3799 534 3853 animositate
553 3798 698 3853 festinans.
772 3801 806 3865 es.
823 3798 855 3852 de
873 3814 924 3852 err.
939 3802 984 3864 24,
1000 3802 1025 3851 1.
