3100 4359
320 391 386 447 XVI
723 395 930 452 PRAEFATIO

323 560 432 622 Osirim
460 565 655 636 artuatimque
682 564 823 624 laceravit
840 555 994 645 (ao-om),
1022 569 1049 624 et
1069 583 1126 638 per
1150 583 1249 626 ommes
1270 567 1340 626 Nili

320 652 454 724 tlmmaie
476 655 571 726 rapae·
594 654 694 712 miseri
716 656 845 727 eorporis
863 655 1044 727 palpitantia
1062 655 1191 713 merulra
1204 657 1339 728 proiecit.

321 739 366 798 VI
381 742 399 800 6
421 740 478 816 Qui
495 742 598 815 qualia
615 743 716 814 feeerit
732 743 841 801 scelera
854 734 1008 823 (mmo),
1023 743 1069 802 ael
1087 747 1229 816 quautam
1246 748 1340 806 meu

322 834 423 890 contra
434 831 531 902 filium
543 821 663 911 (-ῡ.υ.,
679 850 717 890 an
727 825 871 912 mmai)
881 833 925 890 vel
938 833 1086 890 sarmitum
1100 835 1200 891 comma
1212 834 1339 906 fratrem

322 911 475 1002 (.o..a.o)
493 921 681 992 temeraverit
695 922 814 995 facium
829 966 835 979 .
851 965 858 980 .
873 965 880 978 .
893 920 948 979 XX
968 922 986 980 6
1004 966 1011 980 .
1026 965 1053 980 ..
1072 925 1126 980 aut
1139 921 1210 994 fidei
1226 923 1339 994 funda-

320 1013 418 1068 menta
440 1013 582 1067 suamtat
604 1000 731 1090 (.o..o),
755 1014 809 1070 aut
822 1055 829 1068 .
844 1055 850 1067 .
866 1053 872 1066 .
888 1011 994 1084 callipit
1014 1012 1091 1070 uires
1114 1001 1260 1092 (oe-1),¹
1285 1017 1340 1071 aut

322 1098 598 1158 ...immortalitate
624 1101 768 1158 consociat
789 1090 955 1180 (mmo),
986 1102 1038 1158 aut
1059 1099 1148 1172 leyem
1165 1101 1339 1174 promulaat

321 1177 452 1268 (.u..u),
485 1192 539 1246 aut
556 1233 563 1246 .
583 1233 589 1244 .
609 1233 615 1244 .
635 1191 828 1248 testimoniium
854 1189 985 1261 perhibet
1017 1179 1183 1269 (ΑΙ-ων),
1217 1194 1270 1248 alti
1285 1235 1291 1248 .
1308 1235 1337 1249 ..

321 1277 431 1336 diaboli
449 1278 576 1350 pereutit
598 1268 760 1358 (mm.)
775 1322 783 1336 .
799 1323 828 1338 ..
853 1276 993 1355 Singulae
1020 1293 1107 1338 voces
1129 1278 1287 1354 pulticulis
1312 1285 1340 1338 ct

320 1365 370 1425 vel
392 1369 445 1425 aut
466 1366 513 1424 vel
531 1366 577 1424 acl
593 1366 673 1425 inter
690 1386 720 1426 se
740 1368 914 1426 coniunctae
933 1365 959 1425 ai
981 1368 1095 1425 minore
1118 1367 1188 1425 sunt
1211 1367 1339 1440 ambitu,

320 1456 451 1514 numeris
488 1454 636 1533 adstringi
671 1475 731 1515 non
766 1458 901 1533 possunt.
961 1453 1015 1513 Sin
1046 1457 1147 1514 autem
1179 1455 1337 1516 attributis

321 1545 427 1603 auctae
455 1544 597 1603 maiorem
625 1544 808 1621 syllabarum
839 1562 996 1604 numerum
1023 1542 1274 1620 complectuntur,
1304 1548 1338 1606 in

320 1651 458 1693 numeros
472 1631 590 1707 eadunt,
613 1635 696 1693 velut
709 1633 741 1692 II
756 1638 772 1693 1
798 1633 856 1695 Sed
873 1636 906 1692 im
925 1636 1020 1692 scae
1033 1636 1096 1692 saie
1109 1652 1184 1707 qaae
1197 1637 1338 1709 mysteria

320 1727 425 1781 voearet
446 1713 631 1804 (mm),
658 1724 773 1782 addam
799 1724 913 1796 traaica
938 1723 1047 1794 funera
1070 1714 1277 1804 (ammi),
1311 1729 1339 1784 et

319 1813 438 1884 funesta
452 1813 629 1871 calamitatis
642 1814 812 1871 metuendae
831 1813 991 1872 certamina
1005 1803 1036 1892 (.
1045 1803 1171 1893 o..o.):
1194 1815 1337 1872 incestum

320 1918 385 1959 mm
398 1918 497 1960 sorore
510 1901 742 1974 adulterimuque
756 1903 940 1960 commissum
958 1891 1089 1981 (.o--o),
1113 1905 1140 1961 et
1151 1902 1205 1966 troc
1216 1903 1336 1974 tacirme

319 1991 428 2049 severis
466 1991 567 2049 mariti
607 1991 911 2050 mmmaasimiam
950 1991 1131 2048 uindicatum
1166 1981 1336 2071 (.o..o.o).

320 2077 355 2138 Si
377 2079 466 2156 plura
488 2077 620 2137 membra
638 2078 795 2155 particulis
817 2081 897 2138 inter
918 2096 950 2138 se
967 2077 1214 2155 respondentibus
1230 2085 1338 2146 ¹et--et

319 2168 369 2227 vel
404 2170 554 2227 aut—aut
589 2170 802 2244 conponimur,
843 2171 911 2227 anto
947 2168 1045 2244 ipsam
1081 2168 1335 2230 enumerationem

320 2257 438 2333 saepius
459 2256 655 2316 interstitium
677 2256 720 2334 fit,
747 2258 783 2316 of.
803 2255 846 2314 IV
866 2259 885 2316 4
917 2261 943 2316 et
969 2274 1082 2317 reuerso
1103 2262 1192 2330 pater
1208 2260 1334 2334 prodipa

319 2347 383 2417 filit>
413 2338 448 2425 (4
471 2338 613 2425 oreticil),
644 2349 670 2405 et
695 2351 801 2407 vestem
826 2347 923 2406 ruldit
946 2348 973 2404 et
993 2349 1087 2420 parat
1108 2364 1217 2406 ceream.
1261 2347 1332 2408 Π9
1411 2379 1412 2394 1

321 2435 434 2510 Quaere
445 2436 521 2506 quod
532 2439 558 2493 te
570 2453 682 2494 eumaeo
693 2437 746 2494 deo
755 2426 901 2517 (--,.υ.),
910 2439 962 2494 aut
973 2435 1148 2496 couuueualet
1158 2440 1211 2495 aut
1220 2437 1333 2498 reddat.

318 2523 417 2583 Multa
447 2523 580 2583 membra
609 2524 747 2585 breviora
779 2527 805 2584 si
834 2520 1001 2596 ἀσυνδὲτως
1032 2528 1067 2583 ut
1096 2523 1202 2584 Graeci
1230 2525 1334 2587 dieunt

319 2615 542 2687 enumerantur,
577 2613 648 2673 bina
684 2615 732 2673 vel
766 2617 851 2673 terna
883 2613 1041 2675 coniuncta
1077 2612 1163 2672 oolon
1199 2614 1334 2675 efficiunt

318 2702 455 2764 clausula
477 2705 661 2778 exornatum,
684 2704 721 2765 of.
739 2702 799 2761 VH
820 2697 878 2782 ‘ll8
909 2702 981 2778 Quis
1003 2703 1077 2762 aldit
1093 2719 1222 2776 puerum
1243 2705 1334 2765 salem

318 2793 384 2865 maia
413 2791 517 2865 fefellit
544 2793 609 2864 quie
637 2793 739 2852 oceidit
767 2783 960 2873 (.o..o..o)?
999 2790 1070 2866 Quia
1099 2793 1240 2852 laceravit
1266 2797 1333 2867 quie
1410 2829 1411 2836 κ

318 2881 420 2941 mutel
447 2881 514 2953 quie
541 2881 677 2939 merulrie
711 2883 775 2940 eiua
806 2881 940 2956 epulam
971 2885 1013 2940 eet
1034 2872 1227 2962 (.oou.o.)?
1260 2883 1334 2958 Quis

317 2971 422 3073 turcam
434 2971 534 3043 rapuit
547 2971 613 3042 maie
626 2970 777 3029 abscondit
786 2961 924 3051 (.o..o)?
948 2969 1020 3045 Quis
1033 2970 1169 3030 Plutouie
1183 2973 1333 3046 eoaiuacm

317 3061 386 3133 fem
408 3050 608 3210 {zizimi
639 3148 790 3208 breviores
826 3148 963 3207 clausula
999 3150 1101 3208 carent
1132 3148 1216 3207 velut
1247 3147 1331 3208 IV3

316 3237 486 3298 Erubescite
499 3255 515 3296 o
529 3239 630 3297 miseri
647 3239 842 3296 aumuitatem
851 3228 1030 3319 (-oo..o.o).
1054 3236 1097 3294 VI
1113 3238 1131 3296 9
1150 3237 1333 3298 Imtatmte
1409 3255 1410 3268 ¹

317 3325 1227 3403 Lyeuraeetsolrimuiustitutumtmmeeqmtur...XII15
1253 3327 1332 3387 Gra·
1409 3352 1410 3375 κ

318 3419 375 3476 tiae
393 3418 508 3490 apium
522 3417 668 3491 Porplym
686 3414 771 3474 lileu'e
787 3417 854 3474 mie.
878 3413 921 3476 (lt.
936 3413 1024 3474 XVII
1039 3419 1067 3476 1.
1090 3414 1192 3474 XVIII
1207 3417 1236 3476 2.
1259 3417 1332 3476 XXI
1409 3436 1410 3459 1

318 3506 348 3566 3.
368 3508 397 3566 5.
424 3504 522 3564 XXVI
543 3508 570 3566 1.
590 3508 619 3567 2.
642 3504 757 3564 XXVII
778 3506 807 3565 2.
835 3503 912 3564 (iesu
934 3503 1070 3563 clausula
1089 3503 1192 3564 effecta
1211 3507 1257 3564 est
1275 3506 1332 3567 hoo

317 3593 396 3654 loco:
414 3593 469 3652 XV
488 3597 507 3653 2
526 3592 709 3654 Silaniano
726 3595 771 3652 uie
790 3592 886 3653 Abarl
902 3584 1046 3675 (mmo)
1062 3595 1183 3652 miserm
1201 3595 1332 3658 hmueiaes

316 3699 385 3742 oaea
424 3685 559 3744 venerari
582 3728 588 3741 .
612 3727 620 3742 .
644 3728 651 3741 .
675 3685 705 3742 et
737 3683 907 3760 ubieunque
946 3683 1101 3743 vocativus
1139 3685 1332 3756 imperatores

317 3773 422 3846 exstat
442 3773 495 3847 qui
511 3791 565 3849 per
583 3790 617 3833 se
634 3772 802 3833 clausulam
820 3771 926 3850 explet.
945 3769 1060 3840 Quodsi
1076 3771 1212 3849 pluribus
1231 3773 1332 3835 verbis
