3100 4359
340 396 383 459 38
689 396 827 451 siamus
846 396 1015 451 maenam
1054 371 1059 377 ’

339 566 393 623 tici
415 567 494 643 regis
516 564 576 623 fuit
598 564 671 638 filia,
698 584 775 640 quae
799 566 928 625 occisum
950 566 1033 640 patri
1055 565 1164 624 detulit
1187 558 1344 645 Liberum}

226 672 269 722 sor.
282 664 326 708 1⁵⁹
340 652 453 722 Quinta
476 654 612 713 Pallante
638 655 725 730 patre
753 658 784 713 et
812 655 951 713 Titanida
979 657 1075 714 matre
1103 657 1170 713 orta
1198 658 1250 729 est,
1275 673 1346 730 quae

305 744 434 819 epatris
463 744 614 819 appellata
642 744 761 802 nomine
788 743 888 802 Pallas
917 746 962 803 est
989 744 1026 803 ab
1049 744 1218 804 hominibus
1241 762 1346 803 nuncu-

339 836 420 908 pata.
465 832 548 891 Haec
575 832 762 908 parricidalis
791 832 922 891 amentia
950 834 1059 893 furoris
1088 837 1118 892 et
1141 848 1285 892 vaesanae
1309 838 1345 891 t·

339 922 486 1005 meritatis
509 921 665 981 instinctu
689 925 806 996 patrem
824 922 994 981 Pallantem
1017 922 1127 981 crudeli
1152 926 1247 982 morte
1265 924 1375 1000 lugu-e

339 1011 424 1085 lavit,
447 1030 500 1069 neo
523 1010 653 1085 simplici
675 1013 772 1086 patris
795 1014 891 1071 morte
915 1014 1063 1084 contenta,
1081 1014 1116 1069 ut
1134 1011 1247 1071 diutius
1264 1012 1348 1070 malis

339 1099 401 1159 suis
423 1100 579 1175 frueretur,
603 1103 634 1158 et
659 1102 694 1158 ut
717 1100 753 1157 de
777 1102 872 1159 morte
897 1101 993 1175 patris
1016 1101 1164 1160 crudelius
1188 1102 1348 1177 triumpha·

338 1192 393 1263 ret,
426 1189 538 1248 exuviis
571 1188 702 1263 corporis
734 1189 798 1248 eius
821 1184 844 1267 †
867 1193 990 1248 ornatae
1020 1193 1103 1265 sunt,
1135 1193 1170 1249 ut
1200 1190 1349 1267 parricidii

339 1278 457 1337 facinus
480 1298 515 1337 ex
540 1277 653 1337 crudeli
672 1278 872 1339 ostentatione
890 1279 1067 1354 publicaret.
1104 1279 1203 1339 Huius
1222 1283 1269 1339 est
1286 1280 1348 1338 Pal·

338 1362 544 1446 ladium(p1o
566 1360 665 1448 nefas)
688 1368 808 1426 nomine
832 1371 1043 1442 consecratum,
1072 1369 1146 1429 haec
1178 1372 1224 1427 est
1253 1369 1349 1427 Pallas
1360 1383 1378 1421 1⁰

339 1475 417 1531 quae
448 1458 564 1531 colitur,
592 1457 664 1515 haec
692 1461 737 1515 est
765 1477 842 1532 quae
868 1457 1035 1535 pontificali
1061 1459 1128 1536 lege
1155 1462 1302 1533 servatur,
1324 1460 1349 1516 et

339 1545 427 1611 ouius
450 1546 565 1605 facinus
588 1548 719 1606 severius
742 1546 878 1605 damnari
901 1546 1052 1622 debuerat,
1076 1548 1138 1607 eius
1161 1548 1264 1625 imago
1288 1567 1350 1622 sup-

339 1635 459 1711 pliciter
490 1634 641 1694 adoratur.
687 1634 838 1711 Adponite
871 1636 971 1713 ignem
1003 1640 1112 1715 augete
1148 1638 1285 1696 flammas
1321 1638 1350 1693 ut

339 1724 511 1784 cottidianis
543 1725 695 1783 sacrifieiis
731 1726 838 1785 vestris
870 1725 966 1785 discat
1002 1726 1112 1785 ardere.
1159 1725 1239 1795 Quid
1277 1726 1350 1785 enim

339 1818 470 1872 meretur
502 1814 584 1872 aliud
615 1814 774 1890 parricida,
806 1814 865 1873 nisi
892 1818 927 1873 ut
953 1806 1099 1891 perpetua
1129 1818 1350 1875 continuatione
1362 1827 1379 1865 1⁵

263 1915 323 1966 (100)
338 1903 526 1962 flammarum
549 1907 618 1962 ante
642 1903 821 1962 senteutiam
841 1903 888 1963 dei
901 1904 1028 1963 cottidie
1051 1904 1178 1964 flammis
1197 1905 1350 1965 ultricibus

305 1990 563 2053 sconoremetur?
602 1994 697 2052 Busta
729 1996 800 2052 sunt
830 1994 903 2052 haec
934 1995 1127 2053 sacratissimi
1159 1995 1351 2070 imperatores

340 2081 519 2157 appellanda
548 2100 608 2140 non
635 2082 756 2157 templa.
802 2082 880 2160 Rogi
907 2084 978 2141 sunt
1004 2083 1104 2159 potius
1127 2083 1245 2141 dicendi
1269 2084 1350 2142 mise·

430 2270 467 2323 16
491 2271 569 2341 Vcrp.
584 2273 654 2326 Aen.
674 2272 783 2325 11587
801 2270 910 2324 ultricis
929 2271 1057 2324 flammae
1077 2272 1141 2339 (Mo
1160 2276 1217 2339 50).

430 2413 446 2466 l
466 2413 492 2466 d.
503 2431 533 2482 p.
549 2412 608 2466 filia
626 2414 691 2467 add.
772 2413 790 2466 2
814 2413 958 2467 Tritonide
978 2416 1029 2469 Wo
1047 2422 1072 2469 et
1090 2414 1224 2485 Scaliper,
1243 2422 1275 2471 at
1293 2433 1352 2470 con·

338 2484 409 2551 ferri
430 2486 505 2540 iubet
522 2487 572 2539 Ha
592 2485 672 2540 Otene.
692 2486 771 2539 Alex.
791 2487 882 2540 Prote.
897 2486 936 2539 II
954 2493 979 2540 et
1001 2486 1158 2555 Ampelinm
1179 2490 1205 2553 9,
1221 2492 1265 2540 10.

340 2556 404 2611 611.
416 2574 445 2624 p.
459 2556 596 2610 instinctu
615 2556 679 2610 add.
739 2558 756 2608 6
776 2558 802 2610 d.
813 2575 844 2626 p.
859 2558 991 2611 contenta
1010 2558 1075 2611 add.
1135 2556 1353 2627 ltriumpharlt

339 2628 448 2681 exubiis
467 2630 501 2683 P.
574 2626 709 2698 domate
732 2631 808 2681 sunt·
824 2630 858 2694 P,
883 2631 982 2683 ornata
1000 2628 1105 2694 esest,
1128 2630 1199 2697 quod
1223 2644 1352 2684 commen·

337 2700 424 2755 datur
446 2706 472 2754 et
493 2700 619 2754 cumula
637 2706 662 2753 et
681 2699 761 2755 Clam.
777 2700 856 2753 Alex.
873 2702 960 2755 emble
978 2702 1069 2755 Prote.
1084 2701 1124 2755 II
1136 2705 1221 2767 28,2,
1235 2719 1267 2769 p.
1283 2704 1352 2766 21,3

339 2768 493 2839 61611ῑί1πῆ
563 2775 601 2843 τῷ
616 2769 734 2843 πατρῴῳ
748 2768 915 2840 κεκόσμηται
934 2770 1049 2839 δέρματι
1066 2768 1157 2838 ὥσπερ
1172 2772 1266 2843 κῳὸίῳ
1282 2773 1352 2840 (1911),·

338 2845 421 2896 ornat
435 2844 545 2896 scutum
560 2848 646 2897 tentat
659 2844 716 2908 Bu,
730 2846 847 2897 ornatae
861 2846 926 2896 sunt
940 2860 1039 2895 manus
1054 2845 1111 2897 Ηα.
1169 2842 1205 2895 12
1221 2845 1351 2898 saeuerius

340 2917 374 2980 P,
388 2916 452 2968 item
470 2919 568 2980 39,10.
588 2918 688 2984 spuerit
707 2918 815 2981 70,20,·
832 2916 925 2969 ceteris
939 2915 1003 2969 locis
1018 2931 1072 2968 sev.
1133 2911 1170 2968 14
1191 2914 1284 2968 diseat
1299 2917 1351 2979 Bu,

338 2985 417 3039 dicat
436 2986 469 3051 P,
489 2985 600 3038 dicatur
617 2986 668 3039 Fl.
724 2984 761 3039 15
781 2987 806 3039 d.
818 3003 848 3054 p.
863 2985 1004 3053 parricida
1023 2985 1086 3039 add.
1143 2986 1352 3040 continuatione

337 3064 404 3111 oatc
429 3073 480 3111 nos
506 3058 626 3111 restituit
647 3058 786 3111 Dietericlt
809 3058 886 3125 apud
905 3059 948 3111 Fr
961 3061 1006 3123 23,
1029 3056 1187 3111 imitatione
1207 3058 1235 3110 P
1251 3060 1352 3127 (muta-

338 3128 418 3182 tione
431 3128 478 3194 Fl,
497 3126 717 3181 circumdatione
736 3130 804 3198 Ha).

429 3286 449 3341 4
467 3290 502 3356 cf.
520 3292 567 3354 27,
575 3292 618 3343 12.
644 3290 734 3343 Mate.
748 3292 840 3356 2223
858 3287 1042 3357 parricidali.
1060 3332 1065 3342 .
1082 3332 1087 3341 .
1102 3288 1203 3343 furoris
1221 3290 1351 3353 amentia,

338 3360 412 3413 idem
431 3358 518 3415 CXI*
531 3361 571 3414 11
584 3364 627 3415 33.
718 3376 854 3413 uaesanae
877 3360 1045 3414 temeritatis
1069 3360 1223 3414 instinctu:
1249 3363 1351 3416 cimelio

337 3432 502 3485 mebmrima
524 3431 601 3500 apud
623 3432 788 3497 Fimicum,
805 3432 840 3498 cf.
857 3434 908 3486 Mo
921 3437 966 3487 20.
1059 3430 1097 3485 16
1115 3433 1244 3499 11413.
1263 3438 1308 3498 69,
1318 3437 1351 3487 24

338 3509 365 3555 ct
378 3503 426 3556 tos
437 3504 590 3557 Matteseos
604 3504 686 3557 locos:
699 3507 804 3568 210,21
819 3503 938 3557 adsidua
953 3502 1170 3558 continuatione.
1192 3505 1268 3558 LVI
1272 3504 1312 3559 Ἰ
1318 3507 1350 3558 18

338 3573 492 3643 multiplici
511 3590 621 3641 semper
639 3574 850 3627 continuatione
868 3579 1013 3643 perpetua,
1033 3582 1058 3629 et
1076 3576 1157 3629 multi
1169 3577 1272 3630 sirneles
1290 3580 1351 3631 sunt

337 3646 408 3711 loce}
430 3663 484 3700 uox
507 3644 680 3699 continuatio
703 3646 868 3715 quadruplos
890 3648 1030 3701 inuenitur
1052 3647 1083 3699 tn
1108 3648 1237 3701 Muttesi.

342 3715 379 3768 16
400 3718 489 3771 Matla
506 3715 682 3771 0V11‘114
699 3715 815 3785 publiea
834 3718 974 3771 sententia
993 3717 1112 3771 flammis
1127 3717 1275 3773 ultricibus
1290 3734 1351 3772 con·

338 3788 546 3842 cremabuntur.
1141 3822 1157 3853 0
