3100 4359
323 379 438 435 xxvm
677 452 679 461 Ι
725 379 931 435 PRAEFATIO

324 553 520 623 augmentum,
547 553 745 619 commentum,
772 551 982 618 documentum,
1014 549 1190 616 elementum,
1217 549 1339 622 figmea-

323 643 393 707 tum,
428 639 594 717 fomentum,
630 640 818 712 frumentum,
850 639 1083 710 solidamentum,
1119 640 1338 706 doemonum,

324 729 537 796 liniamentum,
555 731 766 795 ornamentum,
786 731 965 786 tormentum.
1003 726 1152 785 Nimirum
1172 727 1222 784 vix
1241 726 1339 785 ullum

321 817 551 877 instrumentum
583 817 712 876 inveniri
739 818 859 892 poterat
890 815 928 875 ad
956 814 1143 875 formandam
1171 815 1338 875 clausulam

322 907 418 982 magis
450 905 597 964 idoneum
653 905 905 965 Clausulaevim
938 905 1069 964 ctiam
1060 925 1092 964 ιιι
1122 923 1157 964 eo
1183 906 1338 981 perspicis,

323 994 403 1071 quod
421 1012 491 1053 cum
508 993 673 1072 gerundivo
691 994 842 1053 clausulae
862 995 1018 1070 aptissima
1036 995 1097 1052 sint
1116 997 1146 1053 ct
1164 993 1338 1069 saepissime

321 1076 380 1165 (14
408 1076 496 1164 locis)
528 1087 711 1158 usurpentur
739 1114 785 1124 —-
817 1101 844 1142 v.
877 1083 1004 1142 indicem
1043 1101 1064 1143 s.
1092 1101 1139 1142 vv.
1169 1083 1339 1154 fugiendus,

321 1173 501 1247 laudandas,
532 1174 732 1240 morandus,
764 1173 919 1247 ridendas,
951 1173 1148 1245 venerandus,
1181 1171 1338 1230 Wolffium

321 1282 349 1338 p.
371 1262 434 1320 629
446 1280 489 1337 sq,
507 1293 552 1302 —
569 1262 667 1321 forma
684 1262 855 1320 mutuandas
878 1261 1036 1337 quinquies
1058 1260 1218 1334 invenitur,
1238 1278 1274 1319 ac
1292 1264 1340 1319 ter

321 1350 443 1426 quidem
465 1351 497 1408 in
520 1351 663 1425 clausula,
691 1350 782 1409 semel
805 1351 890 1409 extra
917 1350 1081 1410 clausulam
1105 1344 1251 1429 (XXVIH
1272 1341 1339 1431 10),

324 1440 417 1498 semel
435 1441 468 1497 in
486 1443 623 1516 excerpto
642 1438 771 1497 bibliaco
795 1431 865 1520 (XX
880 1430 929 1520 4),
954 1441 1053 1515 ipsum
1071 1438 1193 1498 verbum
1211 1442 1339 1497 metm

321 1548 340 1587 a
362 1528 491 1587 Firmico
514 1548 610 1604 neque
639 1528 670 1586 in
694 1527 796 1586 libello
825 1527 860 1586 dc
889 1547 986 1587 errore
1014 1547 1109 1603 neque
1136 1527 1195 1586 nisi
1218 1527 1338 1606 egregie

321 1616 456 1677 fallimur
473 1619 504 1675 in
519 1617 648 1676 Mathesi
665 1620 835 1693 usurpatur,
854 1637 958 1676 verum
972 1635 1087 1692 semper
1105 1619 1212 1676 timere.
1251 1617 1339 1687 Quod

321 1725 358 1766 ne
382 1724 453 1765 casu
470 1707 584 1766 factum
610 1724 673 1766 esse
703 1725 833 1782 censeas,
865 1701 1070 1764 animadverte
1099 1722 1208 1780 quaeso
1227 1705 1339 1764 Roma-

320 1815 427 1854 narum
450 1815 524 1872 quas
547 1796 673 1855 dicimus
700 1796 872 1874 linguarum
895 1813 995 1873 usum,
1023 1812 1099 1870 quac
1127 1811 1228 1853 omnes
1257 1795 1339 1870 quod

320 1887 413 1945 sciam
431 1884 555 1943 verbum
573 1890 698 1943 mouere
717 1885 868 1962 ignorant,
891 1902 926 1943 ac
948 1902 985 1942 ne
1005 1882 1225 1942 substantivum
1244 1888 1339 1944 metus

321 1973 441 2049 quidem
482 1973 541 2033 nisi
577 1973 656 2049 apud
689 1973 839 2050 Hispanos
877 1963 999 2054 (caedo)
1039 1975 1181 2032 servatur.
1237 1972 1340 2050 Igitur

320 2062 466 2122 Firmicus
489 2064 550 2121 iam
573 2082 632 2121 non
656 2061 751 2121 dicere
776 2062 1041 2135 solebatmetuerc,
1064 2060 1115 2121 sed
1138 2059 1340 2138 gerundivum

320 2152 490 2211 metuendas
504 2152 654 2211 clausulae
669 2152 848 2210 auctoritate
863 2149 1048 2226 aliquamdiu
1066 2153 1234 2227 protectum
1253 2143 1339 2232 cst.¹)

409 2240 514 2300 Finem
543 2241 637 2298 faciat
666 2240 894 2316 quaestiuncula
924 2239 959 2298 de
987 2240 1201 2316 particularum
1229 2258 1284 2313 quc
1307 2243 1341 2299 et

321 2334 406 2404 atquc
428 2348 485 2389 usu
503 2329 691 2389 Firmiciano.
728 2327 869 2387 Wollfius
888 2330 908 2387 l.
924 2348 947 2387 c.
966 2348 994 2404 p.
1011 2329 1184 2388 633—637
1205 2329 1342 2389 ostendit

321 2417 505 2493 Ciceronem,
535 2437 602 2478 cum
629 2420 727 2494 primo
753 2417 902 2493 particula
929 2436 983 2491 que
1005 2435 1158 2492 nunquam
1179 2417 1241 2476 iero
1264 2435 1341 2478 usus

321 2510 406 2581 essct,
429 2510 534 2584 postea
564 2502 606 2566 ‘at
628 2509 660 2565 in
683 2505 819 2566 clausula
842 2509 872 2565 ct
895 2510 978 2565 extra
1006 2505 1102 2584 magis
1125 2507 1281 2582 magisque
1304 2507 1341 2566 id

320 2596 428 2672 egisse,
457 2599 491 2655 ut
514 2595 663 2671 particula
686 2612 740 2668 que
761 2590 907 2655 uteretiu'
932 2595 1006 2654 adeo
1029 2597 1063 2653 ut
1086 2595 1118 2653 in
1140 2595 1238 2670 primo
1262 2593 1340 2654 Offi-

320 2687 433 2743 ciorum
465 2684 541 2744 libro
568 2686 671 2743 157><
694 2688 790 2761 extra,
816 2686 899 2744 98><
921 2687 1001 2744 intra
1024 2684 1190 2744 clausulam
1213 2702 1268 2757 que
1291 2685 1339 2742 in·

318 2775 466 2833 veniatur.
513 2772 597 2842 Quod
623 2775 788 2833 rectissime
815 2773 884 2834 inde
907 2773 1047 2833 Wolflius
1070 2773 1212 2849 explicat,
1243 2767 1341 2849 ‘quod

320 2861 432 2935 (liceto,
456 2864 526 2938 quia
548 2862 706 2936 intellexit,
729 2866 872 2938 quantam
895 2864 1060 2923 utilitatem
1078 2862 1228 2939 particula
1250 2881 1340 2938 prae-

319 2951 404 3010 beret
427 2951 465 3010 ad
488 2952 637 3012 clausulas
659 2952 825 3030 fingendas,
854 2953 1001 3028 paulatim
1024 2955 1189 3011 commotus
1213 2953 1272 3026 est,
1300 2955 1340 3012 ut

319 3040 506 3116 frequentius
543 3059 578 3099 ea
611 3036 766 3099 uteretur'.
821 3041 941 3100 Revixit
976 3041 1071 3119 igitur
1101 3040 1235 3099 clausulis
1268 3059 1340 3100 sua-

320 3129 408 3189 dente
430 3131 594 3205 particula,
625 3148 701 3205 quae
732 3147 800 3188 cum
829 3132 935 3206 priscis
965 3129 1147 3206 temporibus
1177 3130 1242 3188 sola
1272 3130 1339 3188 fere

319 3236 428 3278 vocum
450 3218 725 3297 coniungendarum
748 3238 869 3277 munere
892 3219 995 3278 fimeta
1018 3221 1097 3279 esset
1118 3210 1170 3298 (cl.
1185 3217 1338 3294 Wdlfflin,

321 3302 390 3367 ‘Die
424 3306 569 3367 Oolumna
599 3303 753 3368 Rostra&
787 3309 819 3366 in
852 3303 934 3367 ‘Sita
964 3307 1031 3366 Ber.
1056 3308 1083 3368 d.
1107 3307 1195 3382 Bayr.
1223 3303 1338 3366 Akad?

409 3482 435 3547 1)
456 3477 641 3533 ‘Glossarium
658 3477 768 3532 mediae
789 3480 817 3533 et
835 3478 949 3532 infimae
967 3477 1129 3532 Latinitatis
1153 3475 1301 3531 conditum
1319 3495 1339 3531 a

320 3547 419 3603 Carolo
438 3548 575 3604 Dufrasne
593 3549 714 3604 Domino
732 3549 778 3603 Du
797 3549 949 3620 Gange...
957 3549 1038 3603 '.vol
1053 3548 1091 3602 IV
1106 3547 1233 3630 (Parisiis
1254 3551 1337 3618 1845)
1411 3585 1412 3616 ,

319 3637 415 3674 vocem
429 3622 586 3676 mandas
600 3621 714 3675 exhibet
727 3623 760 3674 ιιι
775 3619 901 3675 ‘titulum
915 3619 1116 3686 honorarium',
1131 3617 1239 3673 omittit
1252 3635 1337 3673 voces

322 3693 591 3747 adascalonem
619 3691 787 3746 Amobius'
779 3710 809 3744 ιιι
828 3693 936 3760 septem
955 3690 1035 3744 libris
1056 3691 1188 3744 adversus
1203 3689 1337 3746 nationes
1411 3677 1412 3736 l

346 3763 468 3833 inquies
492 3763 606 3817 verbum
628 3771 744 3818 mlum
766 3762 861 3828 habet,
886 3762 997 3832 saepius
1017 3763 1174 3818 metuendus
1193 3763 1222 3816 ct
1239 3769 1336 3818 maus.
1411 3765 1412 3834 Ῐ
