<?xml version="1.0" encoding="UTF-8"?>
<!DOCTYPE html PUBLIC "-//W3C//DTD XHTML 1.0 Transitional//EN"
    "http://www.w3.org/TR/xhtml1/DTD/xhtml1-transitional.dtd">
<html xmlns="http://www.w3.org/1999/xhtml" xml:lang="en" lang="en">
 <head>
  <title>
</title>
<meta http-equiv="Content-Type" content="text/html;charset=utf-8" />
  <meta name='ocr-system' content='tesseract 3.04.00' />
  <meta name='ocr-capabilities' content='ocr_page ocr_carea ocr_par ocr_line ocrx_word'/>
</head>
<body>
  <div class='ocr_page' id='page_1' title='image "./iulifirmicimate00zieggoog_0049.png"; bbox 0 0 3100 4359; ppageno 0'>
   <div class='ocr_carea' id='block_1_1' title="bbox 681 387 1216 453">
    <p class='ocr_par' dir='ltr' id='par_1_1' title="bbox 681 387 1216 453">
     <span class='ocr_line' id='line_1_1' title="bbox 681 387 1216 453; baseline -0.004 -11"><span class='ocrx_word' id='word_1_1' title='bbox 681 393 696 453; x_wconf 69' lang='grc' dir='ltr'>ξ</span> <span class='ocrx_word' id='word_1_2' title='bbox 715 395 732 442; x_wconf 79' lang='lat' dir='ltr'><strong>d</strong></span> <span class='ocrx_word' id='word_1_3' title='bbox 1154 387 1216 441; x_wconf 86' lang='lat' dir='ltr'><strong>XLI</strong></span> 
     </span>
    </p>
   </div>
   <div class='ocr_carea' id='block_1_2' title="bbox 178 556 1217 3128">
    <p class='ocr_par' dir='ltr' id='par_1_2' title="bbox 194 556 1215 722">
     <span class='ocr_line' id='line_1_2' title="bbox 194 556 1215 630; baseline 0 -14"><span class='ocrx_word' id='word_1_4' title='bbox 194 559 285 616; x_wconf 84' lang='lat' dir='ltr'><strong>terris</strong></span> <span class='ocrx_word' id='word_1_5' title='bbox 301 559 477 630; x_wconf 73' lang='lat' dir='ltr'><strong>pestiferum</strong></span> <span class='ocrx_word' id='word_1_6' title='bbox 498 557 551 616; x_wconf 84' lang='lat' dir='ltr'><strong>hoc</strong></span> <span class='ocrx_word' id='word_1_7' title='bbox 572 556 685 615; x_wconf 75' lang='lat' dir='ltr'><strong>matun</strong></span> <span class='ocrx_word' id='word_1_8' title='bbox 706 557 842 630; x_wconf 79' lang='lat' dir='ltr'><strong>funditus</strong></span> <span class='ocrx_word' id='word_1_9' title='bbox 865 561 1038 628; x_wconf 73' lang='lat' dir='ltr'><strong><em>amputetur.</em></strong></span> <span class='ocrx_word' id='word_1_10' title='bbox 1075 556 1152 625; x_wconf 80' lang='lat' dir='ltr'><strong>Quid</strong></span> <span class='ocrx_word' id='word_1_11' title='bbox 1170 559 1215 616; x_wconf 88' lang='lat' dir='ltr'><strong>in-</strong></span> 
     </span>
     <span class='ocr_line' id='line_1_3' title="bbox 194 643 557 722; baseline -0.006 -17"><span class='ocrx_word' id='word_1_12' title='bbox 194 645 293 705; x_wconf 81' lang='lat' dir='ltr'><strong>veniri</strong></span> <span class='ocrx_word' id='word_1_13' title='bbox 316 645 414 722; x_wconf 89' lang='lat' dir='ltr'><strong>possit</strong></span> <span class='ocrx_word' id='word_1_14' title='bbox 437 643 557 720; x_wconf 85' lang='lat' dir='ltr'><strong>aptius?</strong></span> 
     </span>
    </p>

    <p class='ocr_par' dir='ltr' id='par_1_3' title="bbox 187 726 1217 2503">
     <span class='ocr_line' id='line_1_4' title="bbox 286 726 1215 814; baseline 0.002 -20"><span class='ocrx_word' id='word_1_15' title='bbox 286 735 323 794; x_wconf 89' lang='lat' dir='ltr'><strong>In</strong></span> <span class='ocrx_word' id='word_1_16' title='bbox 348 733 517 794; x_wconf 88' lang='lat' dir='ltr'><strong>disserendo</strong></span> <span class='ocrx_word' id='word_1_17' title='bbox 540 733 639 810; x_wconf 90' lang='lat' dir='ltr'><strong>lapide</strong></span> <span class='ocrx_word' id='word_1_18' title='bbox 662 738 765 793; x_wconf 84' lang='lat' dir='ltr'><strong>sancto</strong></span> <span class='ocrx_word' id='word_1_19' title='bbox 789 726 857 814; x_wconf 91' lang='lat' dir='ltr'><strong>(XX</strong></span> <span class='ocrx_word' id='word_1_20' title='bbox 877 727 911 814; x_wconf 85' lang='grc'><strong>6)</strong></span> <span class='ocrx_word' id='word_1_21' title='bbox 930 734 1003 794; x_wconf 91' lang='lat' dir='ltr'><strong>haee</strong></span> <span class='ocrx_word' id='word_1_22' title='bbox 1025 737 1166 813; x_wconf 85' lang='lat' dir='ltr'><strong>leguntur</strong></span> <span class='ocrx_word' id='word_1_23' title='bbox 1183 739 1215 796; x_wconf 89' lang='lat' dir='ltr'><strong>in</strong></span> 
     </span>
     <span class='ocr_line' id='line_1_5' title="bbox 191 821 1214 901; baseline 0 -19"><span class='ocrx_word' id='word_1_24' title='bbox 191 824 333 901; x_wconf 72' lang='lat' dir='ltr'>principe</span> <span class='ocrx_word' id='word_1_25' title='bbox 353 824 516 898; x_wconf 89' lang='lat' dir='ltr'><strong>ceterisque</strong></span> <span class='ocrx_word' id='word_1_26' title='bbox 534 821 727 882; x_wconf 77' lang='lat' dir='ltr'><strong>editionibus:</strong></span> <span class='ocrx_word' id='word_1_27' title='bbox 747 823 858 896; x_wconf 86' lang='lat' dir='ltr'><strong>(Lapis</strong></span> <span class='ocrx_word' id='word_1_28' title='bbox 871 828 968 882; x_wconf 80' lang='lat' dir='ltr'><strong>antem</strong></span> <span class='ocrx_word' id='word_1_29' title='bbox 981 825 1026 883; x_wconf 80' lang='lat' dir='ltr'><strong>hic</strong></span> <span class='ocrx_word' id='word_1_30' title='bbox 1044 829 1162 884; x_wconf 74' lang='lat' dir='ltr'><strong>sununs</strong></span> <span class='ocrx_word' id='word_1_31' title='bbox 1172 870 1178 884; x_wconf 90' lang='lat'><strong>.</strong></span> <span class='ocrx_word' id='word_1_32' title='bbox 1190 869 1214 884; x_wconf 91' lang='lat'><strong>..</strong></span> 
     </span>
     <span class='ocr_line' id='line_1_6' title="bbox 190 913 1215 987; baseline -0.001 -14"><span class='ocrx_word' id='word_1_33' title='bbox 190 917 229 973; x_wconf 79' lang='lat' dir='ltr'><strong>in</strong></span> <span class='ocrx_word' id='word_1_34' title='bbox 253 913 363 986; x_wconf 77' lang='lat' dir='ltr'><strong>onpulo</strong></span> <span class='ocrx_word' id='word_1_35' title='bbox 381 914 498 987; x_wconf 86' lang='lat' dir='ltr'><strong>pesitus</strong></span> <span class='ocrx_word' id='word_1_36' title='bbox 519 913 645 970; x_wconf 85' lang='lat' dir='ltr'><strong>duorum</strong></span> <span class='ocrx_word' id='word_1_37' title='bbox 662 914 813 985; x_wconf 78' lang='lat' dir='ltr'><strong>parietum</strong></span> <span class='ocrx_word' id='word_1_38' title='bbox 830 913 959 972; x_wconf 74' lang='lat' dir='ltr'><strong>uun-u</strong></span> <span class='ocrx_word' id='word_1_39' title='bbox 978 918 1103 986; x_wconf 82' lang='lat' dir='ltr'><strong>aequato</strong></span> <span class='ocrx_word' id='word_1_40' title='bbox 1120 916 1215 973; x_wconf 77' lang='lat' dir='ltr'><strong>enode</strong></span> 
     </span>
     <span class='ocr_line' id='line_1_7' title="bbox 190 1000 1216 1079; baseline 0.001 -17"><span class='ocrx_word' id='word_1_41' title='bbox 190 1000 327 1076; x_wconf 78' lang='lat' dir='ltr'><strong>ratione)</strong></span> <span class='ocrx_word' id='word_1_42' title='bbox 345 1003 501 1076; x_wconf 77' lang='lat' dir='ltr'><strong>mniunpit,</strong></span> <span class='ocrx_word' id='word_1_43' title='bbox 521 1001 623 1060; x_wconf 90' lang='lat' dir='ltr'><strong>sedin</strong></span> <span class='ocrx_word' id='word_1_44' title='bbox 642 1001 742 1060; x_wconf 87' lang='lat' dir='ltr'><strong>codice</strong></span> <span class='ocrx_word' id='word_1_45' title='bbox 760 1001 837 1060; x_wconf 89' lang='lat' dir='ltr'><strong>nihil</strong></span> <span class='ocrx_word' id='word_1_46' title='bbox 860 1003 935 1060; x_wconf 90' lang='lat' dir='ltr'><strong>certi</strong></span> <span class='ocrx_word' id='word_1_47' title='bbox 956 1003 1017 1079; x_wconf 82' lang='lat' dir='ltr'><strong>legi</strong></span> <span class='ocrx_word' id='word_1_48' title='bbox 1039 1005 1139 1079; x_wconf 90' lang='lat' dir='ltr'><strong>potest</strong></span> <span class='ocrx_word' id='word_1_49' title='bbox 1156 1005 1216 1063; x_wconf 88' lang='lat' dir='ltr'><strong>nisi</strong></span> 
     </span>
     <span class='ocr_line' id='line_1_8' title="bbox 191 1090 1215 1152; baseline 0.001 -2"><span class='ocrx_word' id='word_1_50' title='bbox 191 1109 252 1150; x_wconf 90' lang='lat' dir='ltr'><strong>con</strong></span> <span class='ocrx_word' id='word_1_51' title='bbox 307 1090 392 1149; x_wconf 88' lang='lat' dir='ltr'>Unde</span> <span class='ocrx_word' id='word_1_52' title='bbox 415 1109 470 1150; x_wconf 93' lang='lat' dir='ltr'><strong>nos</strong></span> <span class='ocrx_word' id='word_1_53' title='bbox 494 1090 566 1149; x_wconf 91' lang='lat' dir='ltr'><strong>olim</strong></span> <span class='ocrx_word' id='word_1_54' title='bbox 585 1107 621 1148; x_wconf 87' lang='lat' dir='ltr'><strong>ex</strong></span> <span class='ocrx_word' id='word_1_55' title='bbox 642 1090 746 1148; x_wconf 89' lang='lat' dir='ltr'><strong>multis</strong></span> <span class='ocrx_word' id='word_1_56' title='bbox 769 1093 800 1149; x_wconf 92' lang='lat' dir='ltr'><strong>et</strong></span> <span class='ocrx_word' id='word_1_57' title='bbox 823 1091 954 1148; x_wconf 87' lang='lat' dir='ltr'><strong>eiusdem</strong></span> <span class='ocrx_word' id='word_1_58' title='bbox 981 1091 1076 1150; x_wconf 84' lang='lat' dir='ltr'><strong>libelli</strong></span> <span class='ocrx_word' id='word_1_59' title='bbox 1100 1095 1130 1151; x_wconf 91' lang='lat' dir='ltr'><strong>et</strong></span> <span class='ocrx_word' id='word_1_60' title='bbox 1151 1093 1215 1152; x_wconf 90' lang='lat' dir='ltr'><strong>Ma·</strong></span> 
     </span>
     <span class='ocr_line' id='line_1_9' title="bbox 189 1178 1217 1257; baseline 0 -18"><span class='ocrx_word' id='word_1_61' title='bbox 189 1183 316 1240; x_wconf 89' lang='lat' dir='ltr'><strong>theseos</strong></span> <span class='ocrx_word' id='word_1_62' title='bbox 339 1180 412 1238; x_wconf 92' lang='lat' dir='ltr'><strong>locis</strong></span> <span class='ocrx_word' id='word_1_63' title='bbox 442 1180 531 1257; x_wconf 88' lang='lat' dir='ltr'><strong>plane</strong></span> <span class='ocrx_word' id='word_1_64' title='bbox 562 1178 814 1238; x_wconf 79' lang='lat' dir='ltr'><strong>consentientibus</strong></span> <span class='ocrx_word' id='word_1_65' title='bbox 844 1179 1054 1254; x_wconf 87' lang='lat' dir='ltr'><strong>supplebamus</strong></span> <span class='ocrx_word' id='word_1_66' title='bbox 1081 1184 1217 1254; x_wconf 80' lang='lat' dir='ltr'><strong>conponit</strong></span> 
     </span>
     <span class='ocr_line' id='line_1_10' title="bbox 191 1260 1216 1350; baseline -0.001 -21"><span class='ocrx_word' id='word_1_67' title='bbox 191 1264 231 1348; x_wconf 84' lang='lat'><strong>(1.</strong></span> <span class='ocrx_word' id='word_1_68' title='bbox 252 1288 277 1328; x_wconf 88' lang='lat' dir='ltr'><strong>c.</strong></span> <span class='ocrx_word' id='word_1_69' title='bbox 301 1290 330 1345; x_wconf 90' lang='lat' dir='ltr'><strong>p.</strong></span> <span class='ocrx_word' id='word_1_70' title='bbox 351 1260 438 1350; x_wconf 79' lang='lat'>292).</span> <span class='ocrx_word' id='word_1_71' title='bbox 484 1261 533 1326; x_wconf 84' lang='lat' dir='ltr'><strong>Ac</strong></span> <span class='ocrx_word' id='word_1_72' title='bbox 555 1287 592 1327; x_wconf 92' lang='lat' dir='ltr'><strong>ne</strong></span> <span class='ocrx_word' id='word_1_73' title='bbox 614 1286 693 1326; x_wconf 90' lang='lat' dir='ltr'><strong>nunc</strong></span> <span class='ocrx_word' id='word_1_74' title='bbox 725 1267 844 1342; x_wconf 90' lang='lat' dir='ltr'><strong>quidem</strong></span> <span class='ocrx_word' id='word_1_75' title='bbox 877 1269 965 1343; x_wconf 89' lang='lat' dir='ltr'><strong>plura</strong></span> <span class='ocrx_word' id='word_1_76' title='bbox 996 1270 1093 1347; x_wconf 82' lang='lat' dir='ltr'><strong>legere</strong></span> <span class='ocrx_word' id='word_1_77' title='bbox 1121 1270 1216 1345; x_wconf 87' lang='lat' dir='ltr'><strong>licuit,</strong></span> 
     </span>
     <span class='ocr_line' id='line_1_11' title="bbox 192 1356 1216 1436; baseline 0.001 -19"><span class='ocrx_word' id='word_1_78' title='bbox 192 1359 344 1436; x_wconf 88' lang='lat' dir='ltr'><strong>qnoniam</strong></span> <span class='ocrx_word' id='word_1_79' title='bbox 357 1359 507 1435; x_wconf 86' lang='lat' dir='ltr'><strong>scriptura</strong></span> <span class='ocrx_word' id='word_1_80' title='bbox 520 1376 642 1434; x_wconf 90' lang='lat' dir='ltr'><strong>prorsus</strong></span> <span class='ocrx_word' id='word_1_81' title='bbox 662 1356 802 1431; x_wconf 83' lang='lat' dir='ltr'><strong>exalbuit,</strong></span> <span class='ocrx_word' id='word_1_82' title='bbox 821 1357 871 1415; x_wconf 86' lang='lat' dir='ltr'><strong>sed</strong></span> <span class='ocrx_word' id='word_1_83' title='bbox 890 1359 1022 1434; x_wconf 81' lang='lat' dir='ltr'><strong>spatium</strong></span> <span class='ocrx_word' id='word_1_84' title='bbox 1038 1359 1156 1436; x_wconf 86' lang='lat' dir='ltr'><strong>lougius</strong></span> <span class='ocrx_word' id='word_1_85' title='bbox 1171 1363 1216 1418; x_wconf 88' lang='lat' dir='ltr'><strong>est</strong></span> 
     </span>
     <span class='ocr_line' id='line_1_12' title="bbox 191 1441 1216 1524; baseline 0.002 -19"><span class='ocrx_word' id='word_1_86' title='bbox 191 1466 290 1524; x_wconf 88' lang='lat' dir='ltr'><strong>quam</strong></span> <span class='ocrx_word' id='word_1_87' title='bbox 310 1447 390 1523; x_wconf 92' lang='lat' dir='ltr'><strong>qnod</strong></span> <span class='ocrx_word' id='word_1_88' title='bbox 408 1465 481 1505; x_wconf 88' lang='lat' dir='ltr'><strong>voce</strong></span> <span class='ocrx_word' id='word_1_89' title='bbox 499 1448 635 1519; x_wconf 81' lang='lat' dir='ltr'><strong>conponit</strong></span> <span class='ocrx_word' id='word_1_90' title='bbox 653 1446 817 1522; x_wconf 81' lang='lat' dir='ltr'><strong>expleatur,</strong></span> <span class='ocrx_word' id='word_1_91' title='bbox 835 1446 927 1504; x_wconf 92' lang='lat' dir='ltr'><strong>immo</strong></span> <span class='ocrx_word' id='word_1_92' title='bbox 945 1449 980 1505; x_wconf 87' lang='lat' dir='ltr'><strong>ut</strong></span> <span class='ocrx_word' id='word_1_93' title='bbox 997 1441 1058 1506; x_wconf 83' lang='lat' dir='ltr'><strong>iam</strong></span> <span class='ocrx_word' id='word_1_94' title='bbox 1077 1447 1216 1508; x_wconf 85' lang='lat' dir='ltr'><strong>Hahnius</strong></span> 
     </span>
     <span class='ocr_line' id='line_1_13' title="bbox 190 1534 1215 1611; baseline 0.001 -16"><span class='ocrx_word' id='word_1_95' title='bbox 190 1536 349 1610; x_wconf 71' lang='lat' dir='ltr'><strong>monebat,</strong></span> <span class='ocrx_word' id='word_1_96' title='bbox 375 1536 504 1595; x_wconf 81' lang='lat'>12-15</span> <span class='ocrx_word' id='word_1_97' title='bbox 528 1535 649 1594; x_wconf 80' lang='lat' dir='ltr'><strong>litterae</strong></span> <span class='ocrx_word' id='word_1_98' title='bbox 665 1534 806 1594; x_wconf 83' lang='lat' dir='ltr'><strong>videntur</strong></span> <span class='ocrx_word' id='word_1_99' title='bbox 829 1537 956 1611; x_wconf 82' lang='lat' dir='ltr'><strong>scriptae</strong></span> <span class='ocrx_word' id='word_1_100' title='bbox 980 1537 1078 1596; x_wconf 87' lang='lat' dir='ltr'><strong>fuisse.</strong></span> <span class='ocrx_word' id='word_1_101' title='bbox 1117 1536 1215 1606; x_wconf 80' lang='lat' dir='ltr'><strong>Quare</strong></span> 
     </span>
     <span class='ocr_line' id='line_1_14' title="bbox 191 1624 1215 1702; baseline 0.001 -17"><span class='ocrx_word' id='word_1_102' title='bbox 191 1626 299 1702; x_wconf 88' lang='lat' dir='ltr'><strong>aptius</strong></span> <span class='ocrx_word' id='word_1_103' title='bbox 317 1624 404 1684; x_wconf 88' lang='lat' dir='ltr'><strong>nobis</strong></span> <span class='ocrx_word' id='word_1_104' title='bbox 423 1625 611 1699; x_wconf 79' lang='lat' dir='ltr'><strong>aliquamdiu</strong></span> <span class='ocrx_word' id='word_1_105' title='bbox 634 1625 731 1684; x_wconf 85' lang='lat' dir='ltr'><strong>visum</strong></span> <span class='ocrx_word' id='word_1_106' title='bbox 751 1627 797 1682; x_wconf 91' lang='lat' dir='ltr'><strong>est</strong></span> <span class='ocrx_word' id='word_1_107' title='bbox 815 1625 937 1684; x_wconf 81' lang='lat' dir='ltr'><strong>verbum</strong></span> <span class='ocrx_word' id='word_1_108' title='bbox 956 1627 1158 1699; x_wconf 61' lang='lat' dir='ltr'><strong>conplacitum</strong></span> <span class='ocrx_word' id='word_1_109' title='bbox 1180 1645 1215 1686; x_wconf 89' lang='lat' dir='ltr'><strong>ao</strong></span> 
     </span>
     <span class='ocr_line' id='line_1_15' title="bbox 190 1713 1216 1789; baseline -0.003 -13"><span class='ocrx_word' id='word_1_110' title='bbox 190 1734 268 1776; x_wconf 89' lang='lat' dir='ltr'><strong>sane</strong></span> <span class='ocrx_word' id='word_1_111' title='bbox 287 1716 350 1772; x_wconf 91' lang='lat' dir='ltr'><strong>iam</strong></span> <span class='ocrx_word' id='word_1_112' title='bbox 367 1713 483 1789; x_wconf 87' lang='lat' dir='ltr'><strong>pridem</strong></span> <span class='ocrx_word' id='word_1_113' title='bbox 501 1715 533 1770; x_wconf 91' lang='lat' dir='ltr'><strong>in</strong></span> <span class='ocrx_word' id='word_1_114' title='bbox 551 1713 609 1770; x_wconf 90' lang='lat' dir='ltr'><strong>fine</strong></span> <span class='ocrx_word' id='word_1_115' title='bbox 627 1713 724 1772; x_wconf 87' lang='lat' dir='ltr'><strong>lineae</strong></span> <span class='ocrx_word' id='word_1_116' title='bbox 743 1713 879 1788; x_wconf 83' lang='lat' dir='ltr'><strong>quamvis</strong></span> <span class='ocrx_word' id='word_1_117' title='bbox 899 1715 1042 1772; x_wconf 89' lang='lat' dir='ltr'><strong>incertam</strong></span> <span class='ocrx_word' id='word_1_118' title='bbox 1061 1717 1180 1774; x_wconf 84' lang='lat' dir='ltr'><strong>litterae</strong></span> <span class='ocrx_word' id='word_1_119' title='bbox 1199 1734 1216 1773; x_wconf 88' lang='lat' dir='ltr'><strong>r</strong></span> 
     </span>
     <span class='ocr_line' id='line_1_16' title="bbox 188 1801 1214 1878; baseline -0.004 -13"><span class='ocrx_word' id='word_1_120' title='bbox 188 1804 335 1865; x_wconf 90' lang='lat' dir='ltr'><strong>umbram</strong></span> <span class='ocrx_word' id='word_1_121' title='bbox 358 1802 597 1878; x_wconf 88' lang='lat' dir='ltr'><strong>dispiciehamus.</strong></span> <span class='ocrx_word' id='word_1_122' title='bbox 636 1801 678 1861; x_wconf 80' lang='lat' dir='ltr'><strong>(tf.</strong></span> <span class='ocrx_word' id='word_1_123' title='bbox 693 1802 750 1860; x_wconf 90' lang='lat' dir='ltr'><strong>XV</strong></span> <span class='ocrx_word' id='word_1_124' title='bbox 769 1804 788 1859; x_wconf 91' lang='grc'>4</span> <span class='ocrx_word' id='word_1_125' title='bbox 807 1801 998 1876; x_wconf 76' lang='lat' dir='ltr'><strong>populatione</strong></span> <span class='ocrx_word' id='word_1_126' title='bbox 1020 1805 1214 1877; x_wconf 78' lang='lat' dir='ltr'><strong>conplectitur.</strong></span> 
     </span>
     <span class='ocr_line' id='line_1_17' title="bbox 189 1891 1214 1966; baseline 0 -14"><span class='ocrx_word' id='word_1_127' title='bbox 189 1893 293 1953; x_wconf 84' lang='lat' dir='ltr'><strong>Math.</strong></span> <span class='ocrx_word' id='word_1_128' title='bbox 319 1894 369 1966; x_wconf 83' lang='lat'><strong>34,</strong></span> <span class='ocrx_word' id='word_1_129' title='bbox 390 1893 446 1951; x_wconf 82' lang='lat'><strong>24:</strong></span> <span class='ocrx_word' id='word_1_130' title='bbox 469 1893 692 1961; x_wconf 78' lang='lat' dir='ltr'><strong>circumfusione</strong></span> <span class='ocrx_word' id='word_1_131' title='bbox 715 1892 917 1964; x_wconf 73' lang='lat' dir='ltr'><strong>complectitur.</strong></span> <span class='ocrx_word' id='word_1_132' title='bbox 954 1891 997 1950; x_wconf 84' lang='lat' dir='ltr'><strong>At</strong></span> <span class='ocrx_word' id='word_1_133' title='bbox 1015 1893 1118 1952; x_wconf 85' lang='lat' dir='ltr'><strong>scribit</strong></span> <span class='ocrx_word' id='word_1_134' title='bbox 1135 1912 1214 1952; x_wconf 88' lang='lat' dir='ltr'><strong>nune</strong></span> 
     </span>
     <span class='ocr_line' id='line_1_18' title="bbox 189 1972 1215 2062; baseline -0.001 -21"><span class='ocrx_word' id='word_1_135' title='bbox 189 1972 451 2062; x_wconf 82' lang='lat' dir='ltr'><strong>Huelsenus¹):</strong></span> <span class='ocrx_word' id='word_1_136' title='bbox 470 1975 666 2054; x_wconf 65' lang='lat' dir='ltr'><strong>‘conplectitur</strong></span> <span class='ocrx_word' id='word_1_137' title='bbox 687 1982 729 2038; x_wconf 89' lang='lat' dir='ltr'><strong>ist</strong></span> <span class='ocrx_word' id='word_1_138' title='bbox 746 1981 928 2057; x_wconf 79' lang='lat' dir='ltr'><strong>unmdglich.</strong></span> <span class='ocrx_word' id='word_1_139' title='bbox 962 1982 1006 2040; x_wconf 88' lang='lat' dir='ltr'><strong>Zu</strong></span> <span class='ocrx_word' id='word_1_140' title='bbox 1028 1983 1110 2042; x_wconf 90' lang='lat' dir='ltr'><strong>lesen</strong></span> <span class='ocrx_word' id='word_1_141' title='bbox 1133 1984 1215 2041; x_wconf 79' lang='lat' dir='ltr'><strong>einr</strong></span> 
     </span>
     <span class='ocr_line' id='line_1_19' title="bbox 191 2068 1215 2144; baseline 0.001 -14"><span class='ocrx_word' id='word_1_142' title='bbox 191 2073 242 2132; x_wconf 90' lang='lat' dir='ltr'><strong>als</strong></span> <span class='ocrx_word' id='word_1_143' title='bbox 265 2069 495 2130; x_wconf 78' lang='lat' dir='ltr'><strong>Endbuchstabe</strong></span> <span class='ocrx_word' id='word_1_144' title='bbox 515 2071 594 2128; x_wconf 89' lang='lat' dir='ltr'><strong>eines</strong></span> <span class='ocrx_word' id='word_1_145' title='bbox 614 2068 770 2144; x_wconf 78' lang='lat' dir='ltr'><strong>Verbums,</strong></span> <span class='ocrx_word' id='word_1_146' title='bbox 794 2069 845 2128; x_wconf 91' lang='lat' dir='ltr'><strong>das</strong></span> <span class='ocrx_word' id='word_1_147' title='bbox 870 2069 941 2128; x_wconf 89' lang='lat' dir='ltr'><strong>aber</strong></span> <span class='ocrx_word' id='word_1_148' title='bbox 964 2071 1046 2130; x_wconf 89' lang='lat' dir='ltr'><strong>nicht</strong></span> <span class='ocrx_word' id='word_1_149' title='bbox 1068 2071 1152 2130; x_wconf 86' lang='lat' dir='ltr'><strong>mehr</strong></span> <span class='ocrx_word' id='word_1_150' title='bbox 1171 2073 1215 2131; x_wconf 90' lang='lat' dir='ltr'><strong>als</strong></span> 
     </span>
     <span class='ocr_line' id='line_1_20' title="bbox 190 2158 1215 2236; baseline -0.003 -15"><span class='ocrx_word' id='word_1_151' title='bbox 190 2161 281 2222; x_wconf 84' lang='lat' dir='ltr'><strong>sechs</strong></span> <span class='ocrx_word' id='word_1_152' title='bbox 313 2158 501 2218; x_wconf 86' lang='lat' dir='ltr'><strong>Buchstaben</strong></span> <span class='ocrx_word' id='word_1_153' title='bbox 535 2158 645 2236; x_wconf 85' lang='lat' dir='ltr'><strong>gehabt</strong></span> <span class='ocrx_word' id='word_1_154' title='bbox 676 2158 772 2217; x_wconf 83' lang='lat' dir='ltr'><strong>haben</strong></span> <span class='ocrx_word' id='word_1_155' title='bbox 805 2158 910 2217; x_wconf 81' lang='lat' dir='ltr'><strong>dilrfte.</strong></span> <span class='ocrx_word' id='word_1_156' title='bbox 966 2159 1028 2217; x_wconf 91' lang='lat' dir='ltr'><strong>Der</strong></span> <span class='ocrx_word' id='word_1_157' title='bbox 1058 2161 1132 2219; x_wconf 83' lang='lat' dir='ltr'><strong>Rest</strong></span> <span class='ocrx_word' id='word_1_158' title='bbox 1163 2160 1215 2220; x_wconf 90' lang='lat' dir='ltr'><strong>der</strong></span> 
     </span>
     <span class='ocr_line' id='line_1_21' title="bbox 191 2246 1215 2324; baseline 0.001 -17"><span class='ocrx_word' id='word_1_159' title='bbox 191 2250 287 2324; x_wconf 85' lang='lat' dir='ltr'><strong>Zeila,</strong></span> <span class='ocrx_word' id='word_1_160' title='bbox 319 2248 405 2306; x_wconf 87' lang='lat' dir='ltr'><strong>Platz</strong></span> <span class='ocrx_word' id='word_1_161' title='bbox 436 2249 486 2306; x_wconf 81' lang='lat' dir='ltr'><strong>fdr</strong></span> <span class='ocrx_word' id='word_1_162' title='bbox 519 2249 603 2306; x_wconf 81' lang='grc'><strong>6-7</strong></span> <span class='ocrx_word' id='word_1_163' title='bbox 628 2247 827 2323; x_wconf 81' lang='lat' dir='ltr'><strong>Buohstaben,</strong></span> <span class='ocrx_word' id='word_1_164' title='bbox 860 2246 975 2307; x_wconf 87' lang='lat' dir='ltr'><strong>soheint</strong></span> <span class='ocrx_word' id='word_1_165' title='bbox 1005 2249 1064 2306; x_wconf 86' lang='lat' dir='ltr'><strong>mir</strong></span> <span class='ocrx_word' id='word_1_166' title='bbox 1094 2251 1143 2308; x_wconf 88' lang='lat' dir='ltr'><strong>nie</strong></span> <span class='ocrx_word' id='word_1_167' title='bbox 1166 2249 1215 2308; x_wconf 90' lang='lat' dir='ltr'><strong>be·</strong></span> 
     </span>
     <span class='ocr_line' id='line_1_22' title="bbox 190 2331 1214 2414; baseline -0.003 -15"><span class='ocrx_word' id='word_1_168' title='bbox 190 2336 353 2399; x_wconf 90' lang='lat' dir='ltr'><strong>schrieben</strong></span> <span class='ocrx_word' id='word_1_169' title='bbox 375 2355 510 2414; x_wconf 86' lang='lat' dir='ltr'><strong>gewesen</strong></span> <span class='ocrx_word' id='word_1_170' title='bbox 533 2357 569 2394; x_wconf 87' lang='lat' dir='ltr'><strong>zu</strong></span> <span class='ocrx_word' id='word_1_171' title='bbox 593 2331 676 2397; x_wconf 90' lang='lat' dir='ltr'><strong>sein’.</strong></span> <span class='ocrx_word' id='word_1_172' title='bbox 700 2336 787 2396; x_wconf 86' lang='lat' dir='ltr'><strong>Unde</strong></span> <span class='ocrx_word' id='word_1_173' title='bbox 809 2338 841 2394; x_wconf 91' lang='lat' dir='ltr'><strong>in</strong></span> <span class='ocrx_word' id='word_1_174' title='bbox 863 2356 896 2394; x_wconf 88' lang='lat' dir='ltr'><strong>re</strong></span> <span class='ocrx_word' id='word_1_175' title='bbox 919 2337 1010 2396; x_wconf 85' lang='lat' dir='ltr'><strong>dubia</strong></span> <span class='ocrx_word' id='word_1_176' title='bbox 1027 2356 1131 2396; x_wconf 86' lang='lat' dir='ltr'><strong>vocem</strong></span> <span class='ocrx_word' id='word_1_177' title='bbox 1150 2355 1214 2397; x_wconf 84' lang='lat' dir='ltr'><strong>eon-</strong></span> 
     </span>
     <span class='ocr_line' id='line_1_23' title="bbox 187 2425 1215 2503; baseline 0 -18"><span class='ocrx_word' id='word_1_178' title='bbox 187 2431 278 2502; x_wconf 81' lang='lat' dir='ltr'><strong>ponit</strong></span> <span class='ocrx_word' id='word_1_179' title='bbox 295 2429 360 2486; x_wconf 86' lang='lat' dir='ltr'><strong>tam</strong></span> <span class='ocrx_word' id='word_1_180' title='bbox 377 2427 481 2485; x_wconf 90' lang='lat' dir='ltr'><strong>multis</strong></span> <span class='ocrx_word' id='word_1_181' title='bbox 499 2426 573 2486; x_wconf 89' lang='lat' dir='ltr'><strong>locis</strong></span> <span class='ocrx_word' id='word_1_182' title='bbox 592 2425 739 2485; x_wconf 85' lang='lat' dir='ltr'><strong>similibus</strong></span> <span class='ocrx_word' id='word_1_183' title='bbox 754 2426 991 2485; x_wconf 86' lang='lat' dir='ltr'><strong>commendatam</strong></span> <span class='ocrx_word' id='word_1_184' title='bbox 1009 2427 1215 2503; x_wconf 84' lang='lat' dir='ltr'><strong>praetulimus.</strong></span> 
     </span>
    </p>

    <p class='ocr_par' dir='ltr' id='par_1_4' title="bbox 178 2514 1214 3128">
     <span class='ocr_line' id='line_1_24' title="bbox 285 2514 1214 2592; baseline -0.002 -18"><span class='ocrx_word' id='word_1_185' title='bbox 285 2515 410 2575; x_wconf 88' lang='lat' dir='ltr'><strong>Duobus</strong></span> <span class='ocrx_word' id='word_1_186' title='bbox 440 2516 574 2575; x_wconf 86' lang='lat' dir='ltr'><strong>versibus</strong></span> <span class='ocrx_word' id='word_1_187' title='bbox 604 2518 672 2592; x_wconf 89' lang='lat' dir='ltr'><strong>post</strong></span> <span class='ocrx_word' id='word_1_188' title='bbox 698 2515 764 2573; x_wconf 93' lang='lat' dir='ltr'><strong>loco</strong></span> <span class='ocrx_word' id='word_1_189' title='bbox 789 2514 885 2573; x_wconf 83' lang='lat' dir='ltr'><strong>adhue</strong></span> <span class='ocrx_word' id='word_1_190' title='bbox 909 2514 1117 2574; x_wconf 88' lang='lat' dir='ltr'><strong>obscurissimo</strong></span> <span class='ocrx_word' id='word_1_191' title='bbox 1141 2515 1214 2573; x_wconf 89' lang='lat' dir='ltr'><strong>Bur·</strong></span> 
     </span>
     <span class='ocr_line' id='line_1_25' title="bbox 178 2603 1213 2682; baseline -0.003 -17"><span class='ocrx_word' id='word_1_192' title='bbox 178 2609 301 2666; x_wconf 43' lang='lat' dir='ltr'><strong>‘siauus</strong></span> <span class='ocrx_word' id='word_1_193' title='bbox 335 2608 365 2663; x_wconf 88' lang='lat' dir='ltr'><strong>et</strong></span> <span class='ocrx_word' id='word_1_194' title='bbox 391 2605 552 2664; x_wconf 86' lang='lat' dir='ltr'><strong>Lorenzius</strong></span> <span class='ocrx_word' id='word_1_195' title='bbox 580 2603 720 2682; x_wconf 84' lang='lat' dir='ltr'><strong>legebant</strong></span> <span class='ocrx_word' id='word_1_196' title='bbox 744 2604 879 2672; x_wconf 81' lang='lat' dir='ltr'><strong>.ue&#39;ol...n,</strong></span> <span class='ocrx_word' id='word_1_197' title='bbox 907 2622 961 2663; x_wconf 92' lang='lat' dir='ltr'><strong>nos</strong></span> <span class='ocrx_word' id='word_1_198' title='bbox 986 2606 1107 2664; x_wconf 70' lang='lat' dir='ltr'><strong>uoltu.</strong></span> <span class='ocrx_word' id='word_1_199' title='bbox 1140 2604 1213 2662; x_wconf 90' lang='lat' dir='ltr'><strong>Bur·</strong></span> 
     </span>
     <span class='ocr_line' id='line_1_26' title="bbox 191 2693 1214 2770; baseline -0.003 -15"><span class='ocrx_word' id='word_1_200' title='bbox 191 2699 303 2755; x_wconf 87' lang='lat' dir='ltr'><strong>sianus</strong></span> <span class='ocrx_word' id='word_1_201' title='bbox 340 2695 526 2770; x_wconf 89' lang='lat' dir='ltr'><strong>proponebat</strong></span> <span class='ocrx_word' id='word_1_202' title='bbox 561 2712 596 2754; x_wconf 82' lang='lat' dir='ltr'><strong>eu</strong></span> <span class='ocrx_word' id='word_1_203' title='bbox 629 2695 738 2756; x_wconf 84' lang='lat' dir='ltr'><strong>collatu</strong></span> <span class='ocrx_word' id='word_1_204' title='bbox 773 2693 822 2752; x_wconf 85' lang='lat' dir='ltr'><strong>vel</strong></span> <span class='ocrx_word' id='word_1_205' title='bbox 858 2694 1024 2761; x_wconf 83' lang='lat' dir='ltr'><strong>conciliatu,</strong></span> <span class='ocrx_word' id='word_1_206' title='bbox 1061 2712 1116 2753; x_wconf 89' lang='lat' dir='ltr'><strong>nos</strong></span> <span class='ocrx_word' id='word_1_207' title='bbox 1152 2694 1214 2752; x_wconf 90' lang='lat' dir='ltr'><strong>illis</strong></span> 
     </span>
     <span class='ocr_line' id='line_1_27' title="bbox 191 2781 1214 2861; baseline -0.004 -15"><span class='ocrx_word' id='word_1_208' title='bbox 191 2783 338 2861; x_wconf 81' lang='lat' dir='ltr'><strong>vestigiis</strong></span> <span class='ocrx_word' id='word_1_209' title='bbox 370 2784 464 2842; x_wconf 87' lang='lat' dir='ltr'><strong>solam</strong></span> <span class='ocrx_word' id='word_1_210' title='bbox 502 2783 674 2844; x_wconf 86' lang='lat' dir='ltr'><strong>satisfacere</strong></span> <span class='ocrx_word' id='word_1_211' title='bbox 711 2781 901 2842; x_wconf 79' lang='lat' dir='ltr'><strong>censebamus</strong></span> <span class='ocrx_word' id='word_1_212' title='bbox 937 2801 1040 2841; x_wconf 86' lang='lat' dir='ltr'><strong>vocem</strong></span> <span class='ocrx_word' id='word_1_213' title='bbox 1078 2784 1214 2857; x_wconf 77' lang='lat' dir='ltr'><strong>exsoluta,</strong></span> 
     </span>
     <span class='ocr_line' id='line_1_28' title="bbox 190 2868 1214 2950; baseline -0.002 -18"><span class='ocrx_word' id='word_1_214' title='bbox 190 2893 287 2950; x_wconf 90' lang='lat' dir='ltr'><strong>quam</strong></span> <span class='ocrx_word' id='word_1_215' title='bbox 311 2871 413 2947; x_wconf 84' lang='lat' dir='ltr'><strong>aliquo</strong></span> <span class='ocrx_word' id='word_1_216' title='bbox 445 2872 533 2932; x_wconf 93' lang='lat' dir='ltr'><strong>modo</strong></span> <span class='ocrx_word' id='word_1_217' title='bbox 565 2872 638 2930; x_wconf 86' lang='lat' dir='ltr'><strong>ferri</strong></span> <span class='ocrx_word' id='word_1_218' title='bbox 665 2889 752 2948; x_wconf 89' lang='lat' dir='ltr'><strong>posse</strong></span> <span class='ocrx_word' id='word_1_219' title='bbox 782 2871 908 2946; x_wconf 86' lang='lat' dir='ltr'><strong>probare</strong></span> <span class='ocrx_word' id='word_1_220' title='bbox 931 2868 1122 2931; x_wconf 83' lang='lat' dir='ltr'><strong>studebamus</strong></span> <span class='ocrx_word' id='word_1_221' title='bbox 1145 2872 1165 2930; x_wconf 93' lang='lat' dir='ltr'><strong>l.</strong></span> <span class='ocrx_word' id='word_1_222' title='bbox 1190 2891 1214 2930; x_wconf 92' lang='lat' dir='ltr'><strong>c.</strong></span> 
     </span>
     <span class='ocr_line' id='line_1_29' title="bbox 190 2960 1214 3038; baseline 0.001 -19"><span class='ocrx_word' id='word_1_223' title='bbox 190 2984 220 3038; x_wconf 90' lang='lat' dir='ltr'><strong>p.</strong></span> <span class='ocrx_word' id='word_1_224' title='bbox 250 2962 370 3036; x_wconf 78' lang='lat' dir='ltr'><strong>293sq.</strong></span> <span class='ocrx_word' id='word_1_225' title='bbox 415 2960 458 3019; x_wconf 86' lang='lat' dir='ltr'><strong>At</strong></span> <span class='ocrx_word' id='word_1_226' title='bbox 481 2960 540 3019; x_wconf 90' lang='lat' dir='ltr'><strong>nisi</strong></span> <span class='ocrx_word' id='word_1_227' title='bbox 561 2960 644 3017; x_wconf 71' lang='lat' dir='ltr'><strong>vlt</strong></span> <span class='ocrx_word' id='word_1_228' title='bbox 669 2963 790 3019; x_wconf 83' lang='lat' dir='ltr'><strong>exstruit</strong></span> <span class='ocrx_word' id='word_1_229' title='bbox 819 2963 849 3019; x_wconf 91' lang='lat' dir='ltr'><strong>et</strong></span> <span class='ocrx_word' id='word_1_230' title='bbox 876 2961 930 3018; x_wconf 90' lang='lat' dir='ltr'><strong>XX</strong></span> <span class='ocrx_word' id='word_1_231' title='bbox 952 2962 968 3018; x_wconf 80' lang='lat'><strong>7</strong></span> <span class='ocrx_word' id='word_1_232' title='bbox 994 2963 1123 3034; x_wconf 84' lang='lat' dir='ltr'><strong>enspirut</strong></span> <span class='ocrx_word' id='word_1_233' title='bbox 1145 2980 1214 3020; x_wconf 90' lang='lat' dir='ltr'><strong>nus-</strong></span> 
     </span>
     <span class='ocr_line' id='line_1_30' title="bbox 191 3049 1214 3128; baseline 0 -19"><span class='ocrx_word' id='word_1_234' title='bbox 191 3070 289 3128; x_wconf 88' lang='lat' dir='ltr'><strong>quam</strong></span> <span class='ocrx_word' id='word_1_235' title='bbox 320 3050 353 3109; x_wconf 91' lang='lat' dir='ltr'><strong>in</strong></span> <span class='ocrx_word' id='word_1_236' title='bbox 385 3049 484 3109; x_wconf 90' lang='lat' dir='ltr'><strong>codice</strong></span> <span class='ocrx_word' id='word_1_237' title='bbox 507 3067 522 3108; x_wconf 87' lang='lat' dir='ltr'><strong>s</strong></span> <span class='ocrx_word' id='word_1_238' title='bbox 544 3051 614 3125; x_wconf 87' lang='lat' dir='ltr'><strong>post</strong></span> <span class='ocrx_word' id='word_1_239' title='bbox 635 3067 655 3106; x_wconf 85' lang='lat' dir='ltr'><strong>u</strong></span> <span class='ocrx_word' id='word_1_240' title='bbox 678 3049 790 3124; x_wconf 88' lang='lat' dir='ltr'><strong>scripta</strong></span> <span class='ocrx_word' id='word_1_241' title='bbox 820 3052 872 3108; x_wconf 90' lang='lat' dir='ltr'><strong>est.</strong></span> <span class='ocrx_word' id='word_1_242' title='bbox 919 3049 1011 3108; x_wconf 84' lang='lat' dir='ltr'><strong>Aliud</strong></span> <span class='ocrx_word' id='word_1_243' title='bbox 1034 3051 1129 3126; x_wconf 84' lang='lat' dir='ltr'><strong>igitur</strong></span> <span class='ocrx_word' id='word_1_244' title='bbox 1150 3054 1214 3109; x_wconf 90' lang='lat' dir='ltr'><strong>ten·</strong></span> 
     </span>
    </p>
   </div>
   <div class='ocr_carea' id='block_1_3' title="bbox 191 3199 1215 3843">
    <p class='ocr_par' dir='ltr' id='par_1_5' title="bbox 191 3199 1215 3843">
     <span class='ocr_line' id='line_1_31' title="bbox 288 3199 1215 3271; baseline 0.002 -17"><span class='ocrx_word' id='word_1_245' title='bbox 288 3203 315 3269; x_wconf 85' lang='lat'><strong>1)</strong></span> <span class='ocrx_word' id='word_1_246' title='bbox 333 3200 458 3271; x_wconf 83' lang='lat' dir='ltr'><strong>Benigne</strong></span> <span class='ocrx_word' id='word_1_247' title='bbox 482 3200 674 3255; x_wconf 88' lang='lat' dir='ltr'><strong>intercedente</strong></span> <span class='ocrx_word' id='word_1_248' title='bbox 694 3199 843 3254; x_wconf 77' lang='lat' dir='ltr'><strong>(tustavo</strong></span> <span class='ocrx_word' id='word_1_249' title='bbox 862 3201 987 3256; x_wconf 87' lang='lat' dir='ltr'><strong>Koerte</strong></span> <span class='ocrx_word' id='word_1_250' title='bbox 1006 3201 1215 3256; x_wconf 87' lang='lat' dir='ltr'><strong>Reverendissi-</strong></span> 
     </span>
     <span class='ocr_line' id='line_1_32' title="bbox 191 3270 1213 3339; baseline -0.002 -11"><span class='ocrx_word' id='word_1_251' title='bbox 191 3291 258 3328; x_wconf 89' lang='lat' dir='ltr'><strong>mus</strong></span> <span class='ocrx_word' id='word_1_252' title='bbox 280 3271 312 3326; x_wconf 90' lang='lat' dir='ltr'><strong>P.</strong></span> <span class='ocrx_word' id='word_1_253' title='bbox 330 3270 433 3324; x_wconf 80' lang='lat' dir='ltr'><strong>Ehrle</strong></span> <span class='ocrx_word' id='word_1_254' title='bbox 457 3288 474 3325; x_wconf 88' lang='lat' dir='ltr'><strong>a</strong></span> <span class='ocrx_word' id='word_1_255' title='bbox 496 3272 577 3326; x_wconf 90' lang='lat' dir='ltr'><strong>nobis</strong></span> <span class='ocrx_word' id='word_1_256' title='bbox 606 3273 710 3339; x_wconf 86' lang='lat' dir='ltr'><strong>oratus,</strong></span> <span class='ocrx_word' id='word_1_257' title='bbox 737 3273 771 3324; x_wconf 88' lang='lat' dir='ltr'><strong>ut</strong></span> <span class='ocrx_word' id='word_1_258' title='bbox 798 3271 861 3324; x_wconf 86' lang='lat' dir='ltr'><strong>folii</strong></span> <span class='ocrx_word' id='word_1_259' title='bbox 889 3278 934 3325; x_wconf 74' lang='lat'><strong>21¹</strong></span> <span class='ocrx_word' id='word_1_260' title='bbox 958 3272 1028 3326; x_wconf 88' lang='lat' dir='ltr'><strong>locis</strong></span> <span class='ocrx_word' id='word_1_261' title='bbox 1057 3273 1213 3328; x_wconf 87' lang='lat' dir='ltr'><strong>obscuratis</strong></span> 
     </span>
     <span class='ocr_line' id='line_1_33' title="bbox 193 3342 1214 3414; baseline -0.001 -15"><span class='ocrx_word' id='word_1_262' title='bbox 193 3344 344 3414; x_wconf 77' lang='lat' dir='ltr'><strong>chymicac</strong></span> <span class='ocrx_word' id='word_1_263' title='bbox 363 3344 432 3397; x_wconf 86' lang='lat' dir='ltr'><strong>artis</strong></span> <span class='ocrx_word' id='word_1_264' title='bbox 451 3343 578 3397; x_wconf 85' lang='lat' dir='ltr'><strong>subsidia</strong></span> <span class='ocrx_word' id='word_1_265' title='bbox 597 3342 752 3409; x_wconf 85' lang='lat' dir='ltr'><strong>adhiberet,</strong></span> <span class='ocrx_word' id='word_1_266' title='bbox 769 3342 915 3411; x_wconf 87' lang='lat' dir='ltr'><strong>rescripsit</strong></span> <span class='ocrx_word' id='word_1_267' title='bbox 933 3360 1098 3412; x_wconf 86' lang='lat' dir='ltr'><strong>persuasum</strong></span> <span class='ocrx_word' id='word_1_268' title='bbox 1116 3362 1145 3399; x_wconf 90' lang='lat' dir='ltr'><strong>se</strong></span> <span class='ocrx_word' id='word_1_269' title='bbox 1163 3345 1214 3398; x_wconf 90' lang='lat' dir='ltr'><strong>ha·</strong></span> 
     </span>
     <span class='ocr_line' id='line_1_34' title="bbox 192 3413 1213 3485; baseline 0 -15"><span class='ocrx_word' id='word_1_270' title='bbox 192 3418 263 3471; x_wconf 84' lang='lat' dir='ltr'><strong>bere</strong></span> <span class='ocrx_word' id='word_1_271' title='bbox 286 3414 396 3469; x_wconf 89' lang='lat' dir='ltr'><strong>nullum</strong></span> <span class='ocrx_word' id='word_1_272' title='bbox 420 3414 557 3469; x_wconf 86' lang='lat' dir='ltr'><strong>auxilium</strong></span> <span class='ocrx_word' id='word_1_273' title='bbox 576 3414 611 3467; x_wconf 90' lang='lat' dir='ltr'><strong>ab</strong></span> <span class='ocrx_word' id='word_1_274' title='bbox 631 3416 691 3468; x_wconf 84' lang='lat' dir='ltr'><strong>arte</strong></span> <span class='ocrx_word' id='word_1_275' title='bbox 711 3413 840 3482; x_wconf 81' lang='lat' dir='ltr'><strong>chymica</strong></span> <span class='ocrx_word' id='word_1_276' title='bbox 859 3416 1016 3484; x_wconf 81' lang='lat' dir='ltr'><strong>exspectari</strong></span> <span class='ocrx_word' id='word_1_277' title='bbox 1034 3431 1128 3485; x_wconf 90' lang='lat' dir='ltr'><strong>posse:</strong></span> <span class='ocrx_word' id='word_1_278' title='bbox 1149 3416 1213 3470; x_wconf 77' lang='lat' dir='ltr'><strong>‘Die</strong></span> 
     </span>
     <span class='ocr_line' id='line_1_35' title="bbox 192 3484 1214 3555; baseline -0.002 -13"><span class='ocrx_word' id='word_1_279' title='bbox 192 3487 312 3542; x_wconf 77' lang='lat' dir='ltr'><strong>deken</strong></span> <span class='ocrx_word' id='word_1_280' title='bbox 337 3486 506 3540; x_wconf 88' lang='lat' dir='ltr'><strong>entstanden</strong></span> <span class='ocrx_word' id='word_1_281' title='bbox 530 3485 618 3539; x_wconf 90' lang='lat' dir='ltr'><strong>durch</strong></span> <span class='ocrx_word' id='word_1_282' title='bbox 641 3484 699 3538; x_wconf 86' lang='lat' dir='ltr'><strong>fast</strong></span> <span class='ocrx_word' id='word_1_283' title='bbox 721 3484 839 3555; x_wconf 80' lang='lat' dir='ltr'><strong>vblliges</strong></span> <span class='ocrx_word' id='word_1_284' title='bbox 860 3485 1040 3540; x_wconf 78' lang='lat' dir='ltr'><strong>Abbrdckeln</strong></span> <span class='ocrx_word' id='word_1_285' title='bbox 1064 3486 1113 3540; x_wconf 89' lang='lat' dir='ltr'><strong>der</strong></span> <span class='ocrx_word' id='word_1_286' title='bbox 1131 3487 1214 3540; x_wconf 84' lang='lat' dir='ltr'><strong>Tinte</strong></span> 
     </span>
     <span class='ocr_line' id='line_1_36' title="bbox 193 3555 1212 3627; baseline -0.002 -13"><span class='ocrx_word' id='word_1_287' title='bbox 193 3577 249 3614; x_wconf 80' lang='lat' dir='ltr'><strong>von</strong></span> <span class='ocrx_word' id='word_1_288' title='bbox 277 3576 314 3611; x_wconf 86' lang='lat' dir='ltr'><strong>zu</strong></span> <span class='ocrx_word' id='word_1_289' title='bbox 341 3558 431 3612; x_wconf 83' lang='lat' dir='ltr'><strong>tettan</strong></span> <span class='ocrx_word' id='word_1_290' title='bbox 459 3558 527 3610; x_wconf 87' lang='lat' dir='ltr'><strong>oder</strong></span> <span class='ocrx_word' id='word_1_291' title='bbox 549 3574 584 3609; x_wconf 86' lang='lat' dir='ltr'><strong>zu</strong></span> <span class='ocrx_word' id='word_1_292' title='bbox 609 3555 783 3625; x_wconf 84' lang='lat' dir='ltr'><strong>kompakten</strong></span> <span class='ocrx_word' id='word_1_293' title='bbox 808 3556 914 3611; x_wconf 84' lang='lat' dir='ltr'><strong>Stellen</strong></span> <span class='ocrx_word' id='word_1_294' title='bbox 937 3558 985 3610; x_wconf 89' lang='lat' dir='ltr'><strong>des</strong></span> <span class='ocrx_word' id='word_1_295' title='bbox 1009 3557 1212 3627; x_wconf 65' lang='lat' dir='ltr'><strong>Pergaments!</strong></span> 
     </span>
     <span class='ocr_line' id='line_1_37' title="bbox 194 3626 1213 3684; baseline 0.001 -1"><span class='ocrx_word' id='word_1_296' title='bbox 194 3630 306 3684; x_wconf 89' lang='lat' dir='ltr'><strong>Deinde</strong></span> <span class='ocrx_word' id='word_1_297' title='bbox 323 3628 587 3683; x_wconf 87' lang='lat' dir='ltr'><strong>benevolentissime</strong></span> <span class='ocrx_word' id='word_1_298' title='bbox 607 3627 678 3682; x_wconf 83' lang='lat' dir='ltr'><strong>Chr.</strong></span> <span class='ocrx_word' id='word_1_299' title='bbox 693 3626 844 3682; x_wconf 82' lang='lat' dir='ltr'><strong>Huelsen</strong></span> <span class='ocrx_word' id='word_1_300' title='bbox 862 3627 938 3683; x_wconf 88' lang='lat' dir='ltr'><strong>locos</strong></span> <span class='ocrx_word' id='word_1_301' title='bbox 953 3627 1017 3682; x_wconf 90' lang='lat' dir='ltr'><strong>illos</strong></span> <span class='ocrx_word' id='word_1_302' title='bbox 1032 3628 1135 3682; x_wconf 87' lang='lat' dir='ltr'><strong>iterum</strong></span> <span class='ocrx_word' id='word_1_303' title='bbox 1149 3645 1213 3684; x_wconf 85' lang='lat' dir='ltr'><strong>exa-</strong></span> 
     </span>
     <span class='ocr_line' id='line_1_38' title="bbox 194 3699 1213 3768; baseline 0.001 -14"><span class='ocrx_word' id='word_1_304' title='bbox 194 3701 317 3755; x_wconf 80' lang='lat' dir='ltr'><strong>minavit</strong></span> <span class='ocrx_word' id='word_1_305' title='bbox 342 3703 372 3754; x_wconf 89' lang='lat' dir='ltr'><strong>et</strong></span> <span class='ocrx_word' id='word_1_306' title='bbox 397 3715 469 3768; x_wconf 86' lang='lat' dir='ltr'><strong>quae</strong></span> <span class='ocrx_word' id='word_1_307' title='bbox 495 3700 657 3768; x_wconf 76' lang='lat' dir='ltr'><strong>disponerat</strong></span> <span class='ocrx_word' id='word_1_308' title='bbox 682 3699 829 3752; x_wconf 90' lang='lat' dir='ltr'><strong>nobiscum</strong></span> <span class='ocrx_word' id='word_1_309' title='bbox 857 3700 1082 3753; x_wconf 87' lang='lat' dir='ltr'><strong>communicavit.</strong></span> <span class='ocrx_word' id='word_1_310' title='bbox 1121 3699 1213 3765; x_wconf 83' lang='lat' dir='ltr'><strong>Quare</strong></span> 
     </span>
     <span class='ocr_line' id='line_1_39' title="bbox 194 3769 846 3843; baseline -0.005 -17"><span class='ocrx_word' id='word_1_311' title='bbox 194 3773 305 3843; x_wconf 71' lang='lat' dir='ltr'><strong>gratim</strong></span> <span class='ocrx_word' id='word_1_312' title='bbox 325 3788 436 3825; x_wconf 86' lang='lat' dir='ltr'><strong>summo</strong></span> <span class='ocrx_word' id='word_1_313' title='bbox 455 3771 513 3824; x_wconf 83' lang='lat' dir='ltr'><strong>viro</strong></span> <span class='ocrx_word' id='word_1_314' title='bbox 532 3770 579 3823; x_wconf 90' lang='lat' dir='ltr'><strong>hic</strong></span> <span class='ocrx_word' id='word_1_315' title='bbox 598 3786 709 3839; x_wconf 88' lang='lat' dir='ltr'><strong>quoqne</strong></span> <span class='ocrx_word' id='word_1_316' title='bbox 728 3769 846 3840; x_wconf 79' lang='lat' dir='ltr'><strong>agimus.</strong></span> 
     </span>
    </p>
   </div>
   <div class='ocr_carea' id='block_1_4' title="bbox 0 0 1554 4359">
    <p class='ocr_par' dir='ltr' id='par_1_6' title="bbox 0 0 1554 4359">
     <span class='ocr_line' id='line_1_40' title="bbox 0 0 1554 4359; baseline 0 0"><span class='ocrx_word' id='word_1_317' title='bbox 0 0 1554 4359; x_wconf 95' lang='lat' dir='ltr'><strong> </strong></span> 
     </span>
    </p>
   </div>
  </div>
 </body>
</html>
