3100 4359
255 1019 314 1069 (ιω)

227 1200 264 1239 rol.
275 1199 321 1237 202·

332 393 376 456 50
649 391 788 447 FIRMIOI
805 391 974 446 Massam

332 562 419 639 vigili
444 579 515 620 cura
538 560 922 636 sollicituspraecedentia
945 562 1026 619 vitae
1049 562 1185 619 facinora
1208 560 1342 637 religiosa

332 650 490 710 devotione
518 652 640 727 castiga.
687 649 770 708 Tunc
797 653 827 707 te
855 650 886 708 in
910 650 1028 709 nomine
1052 668 1106 709 suo
1129 666 1197 708 cum
1221 650 1341 726 uigilau-

322 743 393 799 tem
420 740 569 797 invenerit
596 756 731 814 sponsus,
758 756 826 797 oum
848 738 917 797 fidei
942 742 1013 797 tuae
1036 741 1145 798 merita
1167 740 1341 817 cognoverit,

333 829 419 888 dabit
440 830 602 887 maximum
624 828 763 903 pretium,
791 828 873 885 dabit
896 830 1045 905 integrum
1072 847 1196 887 munus:
1219 827 1341 886 intrabis

333 937 402 977 cum
434 936 469 975 eo
501 917 577 975 caeli
607 917 783 991 thalamum,
814 916 929 976 videbis
961 917 1075 994 regiam
1106 916 1219 991 mundi,
1252 920 1283 975 et
1312 918 1372 975 ute

332 1025 419 1066 verus
447 1007 597 1082 particeps
625 1024 687 1063 esse
715 1006 819 1080 poesie,
847 1024 865 1064 a
892 1006 1027 1082 piissimo
1052 1023 1086 1065 ac
1108 1006 1274 1065 iustissimo
1298 1007 1341 1065 do·

332 1097 413 1155 mino
437 1095 665 1154 inmortalitatis
687 1095 745 1153 tibi
767 1096 866 1172 gratia
889 1086 1080 1176 confereturl

423 1184 485 1242 XX.
508 1183 641 1242 Alterius
664 1184 784 1259 profani
806 1185 984 1243 sacramenti
1008 1187 1124 1262 siguum
1153 1187 1198 1243 est
1222 1182 1295 1256 θεὸς
1316 1182 1344 1244 ἐκ

332 1271 445 1351 πέτρας.
497 1271 557 1331 flur
588 1272 644 1331 hoc
676 1275 811 1331 sanctum
844 1273 1103 1349 venerandumque
1136 1272 1345 1332 secretum·ad

332 1364 473 1438 profanos
503 1364 587 1419 actus
620 1360 791 1420 adulterata
823 1362 1005 1437 professione
1031 1360 1223 1421 transfertis?
1260 1362 1375 1421 Aliusrc

333 1454 378 1511 est
395 1452 473 1528 lapis
493 1470 581 1526 quem
599 1448 671 1508 deus
689 1452 721 1508 in
740 1450 948 1509 confirmandis
967 1452 1167 1511 fundamentis
1185 1454 1345 1526 promissae

333 1540 521 1620 Hierusalem
539 1534 771 1616 <in>missurum
791 1558 822 1599 se
846 1558 908 1599 esso
923 1542 1076 1615 promisit.
1110 1540 1245 1599 Christus
1263 1541 1345 1601 nobis

333 1629 493 1690 venerandi
521 1629 631 1705 lapidis
659 1628 876 1704 significatione
904 1632 1095 1688 monstratur.
1142 1628 1219 1698 Quid
1246 1633 1283 1689 tu
1313 1628 1346 1689 ad

333 1719 555 1779 conmaculatos
574 1718 802 1794 superstitiones
820 1718 933 1777 furtiva
951 1718 1055 1777 fraude
1074 1720 1235 1779 venerandi
1253 1724 1346 1779 traus-

333 1809 404 1866 feris
432 1807 560 1867 nominis
588 1804 787 1885 dignitatem?
824 1806 969 1882 Lapidem
995 1811 1081 1866 tuum
1104 1810 1191 1866 ruina
1214 1811 1376 1883 sequiturn

334 1900 364 1956 et
387 1895 556 1955 cadentium
582 1897 744 1954 culminum
767 1895 886 1955 funesta
905 1897 1066 1972 conlapsio,
1084 1901 1186 1956 noster
1203 1897 1284 1974 lapis
1302 1898 1348 1956 dei

334 1986 477 2045 fundatus
500 2004 591 2044 mauu
614 1984 1155 2063 extruit-confimat·eriglc·munic,
1183 1988 1213 2045 et
1236 1990 1347 2047 restau-

333 2075 395 2133 rati
413 2075 510 2150 operis
529 2076 659 2151 gratiam
676 2078 838 2150 perpetuae
856 2076 1083 2135 inmortalitatis
1106 2075 1262 2151 splendore
1283 2096 1347 2135 ocu·

333 2163 462 2224 decorat.
508 2163 563 2222 Ait
585 2164 665 2221 enim
687 2163 723 2222 de
745 2164 802 2223 hoc
825 2165 931 2223 Esaias
953 2164 1074 2223 iubente
1100 2165 1210 2240 spiritu
1233 2169 1347 2225 sancto:

298 2248 407 2313 2‘sie
439 2252 531 2311 dicit
562 2252 739 2311 dominus:
775 2271 855 2312 ecce
888 2271 950 2329 ego
978 2254 1125 2311 inmitto
1154 2255 1192 2312 in
1219 2254 1378 2312 funda-a

333 2346 452 2401 menta
470 2341 557 2400 Sion
575 2342 733 2418 lapidem
751 2342 968 2417 pretiosum·
985 2342 1347 2403 electumsummum·

335 2432 545 2508 augularem
561 2443 567 2455 ·
586 2430 815 2506 honoratum,
843 2433 878 2489 et
901 2432 962 2505 qui
988 2431 1186 2491 crediderit
1208 2432 1247 2490 in
1276 2452 1349 2491 eum

424 2601 461 2655 16
482 2583 599 2669 Quinti.
614 2600 726 2655 declam
745 2601 782 2653 11
798 2605 835 2655 24
853 2600 1064 2655 conlabentium
1082 2600 1237 2655 culminum
1255 2602 1349 2673 fragor

335 2674 451 2739 (Becker
467 2674 486 2727 t.
500 2675 545 2740 a).
619 2670 656 2724 20
675 2671 728 2725 Jes.
743 2676 844 2738 28,16.

423 2796 439 2850 1
460 2797 486 2849 d.
498 2814 528 2865 p.
543 2795 681 2849 sollicitus
700 2796 765 2849 add.
824 2795 999 2865 procidentia
1018 2797 1051 2851 P.
1110 2796 1174 2850 dd.
1184 2814 1214 2865 p.
1231 2814 1349 2867 sponsus

334 2869 399 2922 add.
462 2866 656 2935 4praemium
669 2884 724 2935 pro
742 2867 865 2935 pretium
878 2885 925 2936 pr.
993 2867 1212 2937 separandi
1231 2870 1296 2923 add.

335 2938 394 2992 dcl.
405 2957 435 3007 p.
449 2939 541 3007 possis
555 2939 620 2991 add.
680 2940 693 2991 7
711 2939 854 2993 confertur
869 2939 902 3005 P,
917 2956 966 2992 em.
981 2940 1005 2993 1«
1010 2940 1027 3006 l,
1041 2956 1123 3007 quam
1136 2940 1358 2996 emendationem.

335 3027 425 3065 naam
439 3027 493 3065 esse
505 3010 630 3080 rhythmo
639 3011 785 3078 probatur.
844 3010 904 3063 aa.
914 3028 945 3079 p.
960 3012 1097 3063 secretum
1111 3010 1175 3065 add.
1233 3011 1270 3064 12
1285 3011 1349 3065 mie-

335 3099 430 3134 surum
449 3081 483 3147 P,
502 3099 550 3135 em.
565 3081 602 3135 sa
620 3082 652 3135 cl.
668 3082 685 3135 t.
699 3085 737 3136 20
829 3080 866 3135 14
890 3080 1081 3135 admuculatas
1100 3083 1144 3136 P.-
1214 3084 1349 3137 transfers

335 3152 394 3206 edd.
410 3159 472 3206 aare
487 3154 545 3219 Ha,
560 3159 589 3208 at
603 3155 637 3218 cs.
653 3156 699 3219 58,
709 3156 734 3206 5.
750 3156 795 3219 61,
805 3157 831 3207 9.
859 3153 905 3207 Kr
918 3160 943 3208 et
956 3153 993 3208 St
1007 3154 1038 3206 ia
1051 3153 1157 3207 Herma
1172 3154 1283 3207 XXIX
1296 3158 1350 3209 520

335 3230 360 3277 ct
373 3225 484 3277 abecuc
496 3224 659 3294 rhythmum.
697 3223 734 3278 18
748 3225 886 3293 perpetuo
903 3224 947 3290 Oe,
962 3231 993 3279 at
1005 3224 1040 3291 ef.
1055 3228 1098 3291 44,
1109 3228 1127 3277 7
1140 3230 1164 3279 ct
1178 3229 1252 3292 69,8
1267 3228 1348 3294 (Bu).

337 3294 374 3347 19
397 3294 512 3349 iuuenta
532 3296 566 3361 P,
588 3311 637 3349 em.
652 3296 708 3350 Ba.
745 3298 794 3348 sao
813 3294 948 3365 epu·sic;
967 3295 1044 3350 Dicit
1062 3296 1095 3351 P.
1119 3296 1349 3369 Transposcc'mus

330 3373 444 3435 propter
461 3366 804 3435 acemanecestriae
826 3384 888 3421 cum
910 3368 1052 3422 duodecies
1069 3367 1210 3423 Famam
1234 3368 1348 3437 spiritus

335 3439 449 3490 sanctus
471 3439 573 3493 dixerit
595 3443 621 3491 et
642 3437 673 3491 id
695 3439 781 3492 sexies
804 3440 835 3491 ia
858 3440 992 3505 clausula,
1014 3440 1094 3493 semel
1113 3442 1168 3506 (55,
1178 3443 1227 3507 21)
1252 3443 1347 3493 sancto

335 3507 451 3576 spiritu:
467 3525 492 3562 c.
506 3510 564 3562 iad.
578 3525 600 3562 s.
614 3526 654 3563 ee.
728 3508 766 3561 20
785 3509 811 3562 d.
822 3528 852 3578 p.
868 3509 997 3563 dominus
1016 3511 1080 3564 add.
1154 3508 1190 3564 21
1211 3528 1348 3564 summurn

335 3578 497 3649 angularem
507 3596 546 3647 pr
558 3582 617 3634 siae
630 3582 693 3635 aaa
758 3580 796 3635 22
811 3580 982 3636 crediderint
995 3581 1029 3648 P,
1044 3582 1090 3635 sed
1103 3582 1192 3636 altera
1208 3583 1312 3637 litterae
1329 3600 1346 3633 n

334 3652 415 3705 hasta
433 3667 521 3704 erasa

424 3762 445 3827 a
463 3776 553 3829 Malle.
567 3759 676 3842 264,16
693 3777 851 3833 veneranda
870 3778 986 3835 recreta.
1066 3776 1103 3831 18
1122 3778 1157 3844 es.
1176 3778 1215 3832 ad
1232 3782 1275 3843 44,
1286 3780 1311 3832 7.
