3100 4359
746 366 885 427 §1-
1231 362 1281 416 VII

266 521 312 611 (in
337 523 552 590 ‘Bibliothecae
580 529 704 590 Petrum
731 529 1009 590 Ecclesiasticorum
1031 529 1209 591 Latinorum
1235 550 1279 591 se·

264 619 360 678 Ieetee
378 668 385 680 .
401 664 407 676 .
423 663 431 678 .
448 618 547 678 editoe
571 623 692 679 curante
710 619 744 678 Ε.
760 617 794 678 G.
810 615 961 680 Gersdorf
986 619 1043 680 vol.
1059 619 1141 696 XIII,
1160 619 1280 697 Lipsiae

265 711 362 783 1847,
384 729 414 785 p.
430 700 599 790 57—120)
618 727 652 769 eo
675 709 811 786 insignis,
835 707 915 785 quod
936 708 1051 785 primus
1074 707 1218 770 Oehlerus
1242 709 1280 770 ad

263 798 386 858 criticae
412 799 488 856 artis
514 797 595 876 leges
620 800 738 858 textum
763 798 920 856 recensuit
956 797 1059 874 Ipsum
1085 816 1157 858 sene
1184 799 1280 858 Flaui

264 887 396 946 codicem
423 886 558 946 invenire
590 906 650 946 uon
676 886 786 964 potuit
814 885 864 946 sed
891 889 1058 946 memoratu
1084 887 1177 966 digna
1199 892 1279 964 sunt,

263 994 342 1053 quae
365 976 402 1036 de
423 976 480 1035 hoc
502 979 680 1054 argumento
701 997 730 1053 p.
745 975 805 1035 VH
823 975 969 1051 epistulae
988 976 1026 1035 ed
1044 975 1091 1035 Fr.
1106 976 1183 1054 Aug.
1202 977 1278 1036 Euk-

262 1064 406 1124 eteinium
433 1064 559 1125 editioni
583 1065 766 1142 praemissae
793 1065 943 1140 exposuit:
968 1061 1026 1123 ‘Ad
1049 1064 1185 1124 libellum
1207 1066 1279 1126 Iulii

262 1154 386 1214 Firmiei
409 1153 539 1213 Materni
566 1154 603 1213 de
624 1155 733 1214 Errore
755 1153 953 1214 Profunerum
978 1153 1169 1231 Religionum
1197 1155 1280 1215 aliud

263 1243 429 1304 subsidium
451 1261 625 1319 comparare
641 1243 717 1303 mihi
734 1243 853 1303 nulium
871 1242 957 1302 licuit
973 1245 1093 1319 praeter
1111 1245 1279 1320 exemplum

262 1332 386 1408 aliquod
414 1331 553 1391 editionis
580 1332 724 1409 principie
752 1332 824 1395 enni
853 1333 947 1391 1562.
993 1332 1072 1391 Nam
1102 1332 1139 1392 de
1170 1332 1279 1394 Oodiee

262 1421 419 1496 Mindenei,
445 1440 483 1480 ex
509 1440 569 1496 quo
591 1422 712 1481 Flauius
733 1421 873 1497 illyricus
895 1421 1017 1482 Firmioi
1045 1422 1220 1498 opusculum
1247 1441 1278 1482 se

262 1511 391 1571 edidisse
403 1513 468 1586 ipse
482 1509 514 1568 iu
523 1511 711 1587 praefatione
724 1529 779 1570 sua
792 1509 957 1587 profitear,
967 1510 1144 1586 scripseram
1158 1511 1277 1587 quidem

260 1600 302 1660 od
324 1601 360 1659 V.
378 1600 416 1660 D.
439 1599 616 1676 Immanuel,
648 1598 805 1676 Gymnasii
836 1599 999 1659 Mindensis
1029 1599 1196 1675 Rectorem,
1226 1601 1278 1660 sed

260 1709 332 1749 mox
357 1691 468 1750 certior
493 1689 592 1748 faetus
619 1708 685 1748 sum
712 1689 785 1749 eV.
804 1687 840 1747 D.
859 1688 1027 1748 immanuel
1052 1691 1083 1748 et
1105 1708 1123 1748 a
1145 1687 1277 1765 Mooyer‚
1307 1751 1310 1758 ,

260 1778 336 1839 Viro
358 1777 591 1854 Hmmusmo,
613 1778 701 1837 illum
722 1778 784 1837 iem
806 1796 860 1854 per
882 1779 1001 1837 centum
1024 1781 1055 1837 et
1077 1777 1204 1856 triginta
1227 1778 1278 1837 eb·
1339 1795 1341 1802 ’

259 1867 330 1927 hinc
356 1885 451 1926 annos
478 1867 641 1927 desiderari
663 1886 759 1943 neque
782 1869 814 1925 in
837 1868 1004 1926 vicinarum
1027 1866 1149 1926 urbium
1169 1867 1277 1927 biblio·

259 1956 364 2032 thecis,
386 1960 422 2016 ut
444 1955 664 2016 Hannoverane
681 1957 773 2016 Ducis
793 1954 1047 2035 Cantabrigiensis
1066 1960 1096 2016 et
1114 1957 1277 2032 Bremeuei,

260 2045 393 2122 inques
416 2065 452 2107 ox
474 2045 677 2106 Mindensibus
703 2045 851 2105 thesauris
875 2045 971 2104 multe
994 2044 1065 2105 olim
1091 2045 1191 2105 delate
1214 2063 1277 2108 esse

259 2137 387 2210 constet,
415 2152 512 2210 neque
539 2135 638 2195 volem
671 2154 765 2210 neque
793 2135 953 2212 vestigium
982 2136 1045 2194 eius
1078 2136 1276 2210 comparuisse

258 2219 375 2284 ullum'
408 2223 475 2283 Hac
493 2223 588 2301 igitur
607 2242 658 2300 spe
678 2224 825 2283 dissolute
843 2222 985 2284 Oehlerus
1003 2226 1105 2283 umen
1123 2243 1182 2283 non
1202 2224 1276 2284 satis

258 2313 365 2374 habuit
379 2313 511 2373 Woweri
527 2315 641 2373 textmn
656 2343 700 2354 -
713 2312 791 2388 quod
810 2312 924 2388 priores
944 2331 1045 2372 omues
1063 2331 1102 2372 ue
1120 2312 1276 2373 Muentero

258 2402 382 2478 quidem
404 2405 527 2478 excepto
550 2403 743 2463 fecerent-
762 2401 949 2477 expressisse,
972 2401 1023 2462 sed
1040 2401 1195 2477 adipsum
1213 2403 1276 2461 edi-

257 2492 373 2552 tionem
389 2491 557 2568 principem
575 2509 661 2551 suum
679 2490 840 2550 editionem
855 2491 1015 2569 diligenter
1027 2509 1081 2551 uec
1095 2491 1158 2550 sine
1173 2491 1275 2568 eliquo

255 2582 360 2641 fructu
381 2581 537 2641 recensuit.

349 2669 408 2730 Sed
426 2671 546 2745 aliquot
564 2670 649 2729 annis
667 2672 736 2746 post
748 2668 832 2728 felici
847 2687 917 2728 casu
937 2668 1099 2728 Oonrado
1117 2667 1275 2729 Bursian

257 2759 396 2837 contigit,
419 2761 453 2817 ut
475 2759 508 2817 in
529 2758 718 2820 Bibliotheca
736 2759 885 2818 Vaticana
907 2760 985 2818 inter
1006 2758 1098 2820 libros
1118 2757 1273 2830 Palatinos

257 2848 391 2908 codicem
412 2848 562 2908 inveniret
584 2866 707 2907 numero
728 2849 792 2908 165
812 2848 972 2925 signatum,
990 2848 1043 2924 qui
1064 2865 1131 2908 oum
1149 2847 1273 2909 adiectis

255 2937 440 3014 quibusdum
460 2936 612 3014 capitibus
634 2936 704 2996 libri
727 2937 754 2996 X
777 2938 1014 3015 recognitionum
1032 2935 1273 2998 Pseudoclemen-

254 3029 391 3086 tiuumm
408 3026 531 3086 Firmici
553 3025 664 3086 librum
686 3025 772 3085 illum
795 3027 961 3086 contineret
982 3044 1130 3102 quemque
1148 3026 1272 3086 eundem

255 3134 320 3176 esse
351 3134 388 3177 ec
419 3115 516 3175 I'lecii
547 3116 717 3191 exemplum
748 3115 852 3174 stetim
884 3115 1080 3192 intellegeret.
1126 3114 1174 3176 Ad
1205 3134 1271 3188 sum

254 3203 351 3284 igitur
368 3204 501 3265 codicem
517 3205 659 3283 religiosa
678 3206 713 3264 ut
730 3204 804 3264 dicit
822 3203 981 3282 diligentia
994 3204 1139 3264 collatum
1152 3203 1272 3280 Lipsiae

255 3313 335 3354 anno
360 3295 445 3354 1856
469 3311 581 3354 novam
601 3292 724 3354 Firmici
747 3293 909 3354 editionem
932 3293 1057 3368 curavit,
1080 3296 1110 3352 et
1133 3293 1272 3353 confiten-

255 3383 328 3444 dum
354 3383 432 3444 haue
458 3382 600 3442 Bursiani
628 3401 758 3459 operam,
785 3383 897 3459 quippe
925 3384 978 3458 qui
1004 3382 1118 3459 primus
1141 3382 1270 3442 codicem

254 3473 426 3552 excusserit,
452 3472 478 3535 si
500 3472 601 3532 minus
623 3471 804 3531 laudandam
828 3489 898 3547 esse,
927 3475 960 3530 at
980 3474 1083 3531 temen
1107 3489 1194 3531 usum
1217 3471 1270 3531 ali·

253 3580 344 3638 quem
366 3560 544 3638 praebuisse.

344 3649 430 3721 Quod
451 3649 624 3728 negandum
646 3649 682 3708 de
705 3669 742 3710 ec
764 3668 841 3725 quae
859 3649 1055 3709 Bursieueam
1077 3651 1193 3727 excepit
1211 3649 1270 3709 edi·

251 3742 351 3816 tone,
378 3739 604 3801 Halmianem
630 3739 713 3814 dieo,
745 3757 822 3815 quae
849 3741 881 3799 in
908 3739 1058 3800 volumine
1085 3738 1116 3798 II
1139 3739 1270 3816 corporis
