3100 4359
327 386 443 441 XXXVI
732 384 938 440 PRAEFATIO

327 556 426 630 prima
455 570 490 612 eo
520 555 587 614 loeo
614 554 778 630 praeberet,
809 569 867 630 quo
891 573 909 613 a
932 575 965 633 oq
990 556 1135 630 scriptum
1158 559 1203 614 est
1226 557 1346 625 estona.-

329 642 527 702 (lertassolas
541 642 771 719 dispiciebamus
790 639 960 718 litteras-st,
979 636 1015 702 de
1034 643 1225 719 praecedenti
1243 644 1344 702 littere

327 732 552 806 dubitabamus⁴
585 735 698 794 essetne
727 725 804 792 ean
819 750 857 807 o,
888 737 919 791 et
951 733 1040 807 plane
1073 731 1246 792 obscurata
1266 733 1345 791 vide-

326 820 438 880 bantur
468 840 545 897 qnae
576 824 749 897 sequuntur.
796 822 838 880 At
868 839 935 879 cum
964 821 995 878 iu
1023 821 1104 880 linea
1128 822 1265 897 sequenti
1287 837 1346 880 non-

327 927 413 984 queqs
438 929 456 967 a
477 929 570 969 manu
600 909 717 968 librarii
748 913 894 985 scriptum
919 909 971 984 sit,
1001 913 1036 969 ut
1063 910 1136 969 olim
1159 910 1347 982 credidimus

327 999 379 1059 sed
411 1015 466 1071 que
491 1003 669 1072 prepostero·
690 998 743 1057 ita·
770 998 829 1058 sub
854 998 959 1058 serbis
975 1017 976 1022 ¹
991 1015 1086 1073 qaaeqs
1118 1016 1236 1073 sopores
1267 1018 1287 1059 a
1307 1019 1345 1077 >oq

330 1087 549 1164 superinductis
576 1084 738 1161 delitescat,
762 1091 796 1147 ut
814 1106 838 1161 p
856 1087 910 1147 sub
933 1105 978 1162 qs,
1008 1102 1041 1147 re
1063 1088 1119 1148 sub
1141 1105 1183 1157 eo,
1200 1093 1272 1163 poet
1292 1087 1347 1146 sub

322 1194 390 1251 por,
414 1188 445 1234 er
467 1177 522 1236 sub
547 1195 590 1244 os,
615 1192 629 1234 o
651 1177 770 1236 litterae
795 1179 884 1235 certa·
898 1177 1027 1254 vestigia
1048 1179 1117 1253 poet
1140 1194 1258 1250 sopores
1281 1196 1345 1253 per·

329 1267 659 1342 spiciantur,1apertum
678 1269 723 1327 est
741 1267 785 1326 sic
802 1268 899 1325 totum
918 1267 1016 1325 locum
1035 1265 1254 1326 restituendum
1268 1282 1344 1326 esse:

334 1355 446 1414 Ultimo
470 1371 548 1428 pore
567 1356 739 1428 tripertitae
769 1357 856 1415 istim
886 1357 1039 1415 divisionis
1071 1360 1113 1414 est
1142 1349 1262 1434 (quoe)
1284 1357 1346 1415 libi-

328 1444 433 1503 dinem
455 1445 529 1511 oios,
549 1461 628 1518 quoe
645 1462 746 1518 provo
768 1444 925 1514 desiderio,
949 1463 1024 1518 quoe
1042 1449 1252 1518 praeposteros
1268 1447 1348 1518 cupi·

329 1533 429 1591 ditetis
457 1537 616 1591 moneres.
629 1534 803 1601 inlecebras,
833 1537 862 1592 et
889 1533 981 1593 habes
1004 1536 1186 1594 structuram
1209 1536 1292 1592 omni
1313 1553 1351 1592 er

329 1624 416 1698 parte
439 1625 651 1698 congruentem
674 1638 740 1680 cum
768 1623 892 1697 periodo
916 1622 1115 1684 antecedenti:
1141 1623 1241 1682 Tertio
1258 1625 1347 1681 diam

325 1728 401 1784 pars
433 1715 475 1770 est
504 1729 600 1783 quoe.
616 1757 623 1768 .
639 1760 644 1768 .
659 1705 781 1772 sortitur
811 1714 975 1786 imperium.
1029 1709 1112 1781 Quae
1143 1730 1210 1770 cum
1242 1715 1347 1787 postea

329 1798 448 1858 demum
469 1800 733 1876 intellexissemus,
751 1803 859 1877 ipsum
883 1801 1013 1859 codicem
1036 1800 1179 1876 inspicere
1202 1819 1264 1860 non
1285 1799 1348 1859 'iam

329 1890 491 1964 potuimus,
515 1889 567 1948 scd
589 1891 622 1947 in
643 1888 748 1949 tabula
766 1890 1004 1966 photographica
1022 1891 1096 1950 satis
1115 1889 1197 1947 certa
1220 1889 1349 1968 vestigia

330 1977 506 2036 litterarum
533 1982 575 2037 est
605 1995 660 2050 qao
690 1978 744 2038 sub
767 1996 839 2037 voce
868 1981 980 2050 esemel
1016 1978 1207 2053 dispersimus.
1253 1973 1348 2037 Panlo

330 2069 399 2142 post
422 2067 537 2142 priores
560 2058 694 2147 (praeter
716 2068 898 2125 Bursianum
922 2072 952 2125 et
974 2067 1145 2141 Halmium,
1161 2068 1213 2142 qui
1237 2067 1348 2126 correo-

330 2156 411 2215 toris
428 2176 463 2234 rr,
490 2174 590 2232 nugas,
615 2148 819 2237 arripuerunt)
850 2155 1018 2216 scribebant
1040 2174 1108 2214 oum
1132 2155 1253 2214 Flacior
1274 2156 1352 2215 -Idoo

330 2263 423 2304 unum
454 2248 571 2318 pamm
609 2247 699 2318 copiti
738 2247 910 2319 odeiyooot,
942 2250 975 2304 ot
1004 2246 1129 2304 bominis
1164 2246 1247 2304 irooa
1281 2259 1349 2318 qao-

330 2333 485 2393 dommodo
514 2334 682 2392 decoloro
713 2335 861 2402 videatur,
900 2351 933 2392 ao
960 2353 1019 2393 -nos
1052 2333 1124 2393 olim
1155 2333 1351 2407 deornm)

330 2421 428 2500 legere
457 2422 543 2482 nobis
575 2422 765 2482 videbamur·
802 2423 853 2482 'At
883 2419 982 2482 cartae
1013 2423 1095 2482 solae
1126 2426 1198 2482 sunt
1228 2423 1350 2482 litterae

332 2528 386 2569 ‚eo
418 2503 463 2591 (et
493 2529 524 2570 rc
552 2513 640 2571 initio
665 2513 768 2571 lineae
794 2503 977 2591 sequentis),
1010 2513 1122 2571 dete
1152 2511 1261 2587 dispici
1290 2527 1352 2572 nen

331 2604 470 2676 possunt,
504 2604 535 2658 et
566 2600 675 2660 litteris
708 2604 739 2660 to
758 2603 817 2660 six
848 2603 981 2677 epatium
1011 2602 1199 2677 relinquitur.
1257 2599 1350 2660 Porro

331 2706 399 2747 cum
431 2690 568 2748 denotare
599 2708 653 2748 nec
684 2690 779 2749 facile·
808 2686 952 2766 intellegi
980 2694 1080 2766 posset
1111 2708 1165 2748 neo
1197 2691 1230 2748 in
1262 2708 1351 2749 usum

331 2776 545 2837 Firmicianum
573 2778 736 2855 quadraret
759 2771 1025 2860 (manassen.
1049 2779 1102 2837 LX
1121 2780 1198 2836 282:
1232 2780 1350 2838 nullum·

332 2867 397 2926 eius
420 2867 505 2926 verbi
527 2868 696 2943 exemplum
721 2861 1003 2949 habetdirmicus),
1034 2868 1161 2927 scribere
1188 2869 1349 2927 maluimus

332 2960 438 3028 tenere,
469 2955 549 3032 quod
578 2960 609 3015 et
638 2956 735 3032 spatio
766 2959 962 3032 aptissimum
985 2961 1030 3016 est
1052 2959 1082 3016 et
1105 2959 1292 3016 correcturae
1315 2971 1350 3036 ας
1401 2997 1402 3004 1

332 3035 440 3125 (reniet
463 3048 476 3102 t
496 3045 550 3103 sub
573 3063 599 3119 r,
621 3063 637 3104 o
658 3045 713 3105 sub
735 3039 774 3126 il)
799 3065 902 3104 ansam
925 3045 1040 3106 dedisse
1060 3047 1180 3106 videtur
1202 3049 1233 3104 et
1251 3046 1353 3106 verbis
1401 3055 1402 3058 ’

332 3133 525 3211 sequentibus
548 3150 647 3210 supra
662 3135 950 3194 allatis'oertissime
974 3135 1173 3194 confirmatur.¹
1260 3135 1262 3139 ’
1334 3153 1339 3172 ²

422 3222 537 3282 Deinde
572 3223 604 3282 in
639 3223 819 3283 refutatione
856 3224 1028 3284 Platonicae
1070 3221 1119 3282 de¹
1146 3217 1350 3299 tripes-titione

332 3312 450 3372 animae
474 3312 625 3372 doctrinae
656 3331 755 3372 omnes
789 3314 885 3372 adhuc
912 3313 1040 3373 editores
1071 3313 1212 3392 legebant
1245 3315 1350 3372 etenim

332 3402 409 3475 quod
435 3406 531 3475 potest
561 3393 654 3460 diuidi
683 3418 788 3474 corpus
816 3405 869 3477 ost3
898 3421 952 3462 nos
980 3402 1053 3461 olim
1075 3401 1253 3481 legebamus
1272 3403 1351 3478 Quid
1401 3409 1402 3496 ζ

333 3492 438 3550 etenim
455 3534 461 3548 .
476 3535 483 3547 .
499 3536 504 3547 .
520 3491 652 3566 priorum
689 3500 787 3549 errore
824 3491 953 3567 decepti,
990 3510 1008 3550 a
1041 3510 1099 3566 qua
1134 3491 1262 3550 lectione
1299 3491 1354 3550 vix·
1401 3549 1402 3572 ἶ

338 3578 349 3588 ‘
405 3572 487 3660 ¹da²)
510 3580 661 3656 profectus
685 3578 861 3639 Skutschius
885 3581 1012 3639 coniecit
1035 3580 1112 3655 Qoio
1135 3581 1250 3666 mbo,
1281 3599 1353 3674 cum.
1401 3585 1402 3622 l

474 3747 646 3835 Quamquam
664 3766 695 3820 in
714 3767 816 3823 Minue.
832 3765 888 3818 Fal.
909 3765 1005 3822 Oetes.
1020 3767 1111 3824 verbis
1130 3766 1174 3836 (X,
1188 3773 1241 3836 ip.
1258 3774 1299 3833 14,
1314 3771 1349 3822 10
