3100 4359
372 383 421 438 DE
439 382 588 437 ERRORE
605 384 708 440 Pacu.
723 384 802 440 usu.
822 384 899 439 cAP.
914 384 1051 439 VIII-IX
1176 386 1219 449 25

208 552 313 612 tissimi
337 555 532 628 imperatores
560 554 752 628 ethopoeiaco
781 555 823 612 mi
855 572 989 613 sermone
1021 554 1130 613 dixisse
1159 556 1220 613 suf-

206 640 295 701 ficiat.
344 642 387 701 At
422 661 476 719 ego
518 661 598 702 nunc
638 661 789 703 sacrarum
828 643 991 703 lectionum
1030 645 1220 703 institutione

205 730 367 791 formatus·
391 731 524 807 perditos
550 731 685 791 homines
713 732 854 810 religioso
886 750 1020 792 sermone
1041 724 1044 813 l
1066 734 1218 793 convenio.
1229 746 1269 793 fot
1284 743 1326 785 10⁷

206 819 238 877 Si
261 820 305 878 dii
328 824 398 879 sunt
419 838 494 896 quos
517 820 616 880 colitis
639 838 691 879 cnr
714 839 763 881 cos
791 819 916 899 lugitis?
952 820 1011 879 (iur
1038 840 1087 881 eos
1116 824 1221 881 annuis

179 909 337 969 sluctibus
364 907 529 987 plangitis?
567 908 600 968 Si
626 910 759 969 lacrimis
784 929 819 969 ac
846 911 929 969 luctu
957 910 1041 987 digni
1068 913 1146 984 sunt,
1170 930 1223 970 cur

205 1016 256 1057 eos
293 998 394 1059 divino
428 998 539 1057 honore
576 997 756 1058 cumulatis?
802 999 903 1058 Unum
934 1001 1037 1075 itaque
1065 1020 1080 1059 s
1108 1000 1222 1060 duobus

203 1087 310 1146 facite:
338 1090 391 1147 aut
415 1088 509 1147 nolite
532 1107 584 1148 eos
605 1088 707 1166 lugere
730 1090 757 1146 si
780 1088 823 1146 dii
845 1092 923 1162 sunt,
947 1092 1001 1147 aut
1023 1090 1049 1149 si
1071 1089 1153 1147 luctu
1172 1108 1222 1148 eos

204 1176 313 1254 dignos
334 1178 450 1252 putatis
474 1195 509 1235 ac
531 1176 677 1252 lacrimis,
704 1178 774 1237 deos
803 1196 852 1237 eos
880 1178 1031 1254 appellare
1059 1179 1222 1251 nolitque

203 1265 336 1325 luctibus
360 1284 396 1324 ac
417 1266 549 1325 lacrimis
571 1268 679 1326 vestris
701 1268 843 1326 maiestas
866 1266 961 1325 diviru
979 1267 1108 1327 nominis
1125 1267 1221 1342 pollu-

165 1377 190 1415 ra
204 1356 283 1412 atur.
334 1353 393 1413 Sed
425 1356 496 1430 qnia
527 1374 610 1414 mens
641 1356 759 1431 perdita
792 1358 823 1413 et
854 1356 1013 1415 sceleratae
1046 1356 1257 1432 cupiditatisu

203 1444 324 1518 laqueis
346 1443 514 1519 implicata·
538 1444 623 1504 nulla
644 1447 744 1521 potest
765 1446 882 1503 ratione
899 1447 1043 1522 revocari,
1061 1463 1223 1521 persequar

202 1536 305 1591 cetera
327 1536 362 1591 ut
384 1532 546 1608 publicatis
568 1534 707 1592 omnibus
729 1536 822 1609 atque
845 1534 978 1608 detectis,
1002 1552 1077 1609 quae
1096 1536 1223 1611 profana

203 1623 393 1681 consecravit
421 1622 612 1697 improbitaS,
643 1622 848 1682 misericordia
880 1622 928 1681 dei
959 1625 1078 1681 nomine
1110 1623 1224 1682 domini

202 1712 304 1770 nostri
326 1710 394 1769 Icsu
413 1710 524 1771 Christi
547 1712 647 1786 lapsos
671 1712 779 1790 erigat·
803 1712 952 1789 fugientes
975 1713 1013 1769 ad
1037 1730 1068 1771 se
1091 1715 1221 1773 revocet·

162 1821 187 1860 15
201 1800 379 1859 dubitantes
403 1800 572 1859 confirmet·
589 1806 720 1861 errantes
743 1801 887 1880 corrigat,
911 1804 941 1859 et
964 1802 1043 1876 quod
1067 1804 1112 1860 est
1130 1801 1222 1877 potis-

201 1891 316 1948 simum
338 1891 432 1948 vitam
456 1889 651 1948 morientibus
674 1889 772 1949 donet.

294 1977 346 2035 IX.
369 1978 406 2037 In
429 1978 567 2055 plurimis
590 1980 713 2038 orientis
736 1979 909 2039 civitatibus
932 1979 1003 2038 licet
1022 1977 1092 2060 (hoc
1110 1981 1223 2039 malum

200 2069 299 2127 etiam
327 2066 365 2125 ad
392 2086 446 2126 nos
473 2070 635 2127 transitum
667 2061 795 2150 fecerit),
827 2068 940 2127 Adonis
978 2070 1064 2144 quasi
1097 2071 1223 2128 maritus

200 2157 363 2233 plangitur
383 2156 518 2229 Veneris,
545 2159 577 2215 ct
603 2176 759 2233 percussor
787 2159 850 2216 eius
874 2158 1136 2217 circumstantibus
1158 2158 1222 2219 vul·

161 2268 187 2307 ro
200 2262 323 2320 nosque
341 2248 533 2304 monstratur.
570 2245 651 2306 Mars
670 2246 749 2305 enim
766 2248 799 2305 in
822 2248 905 2323 porci
928 2246 1072 2306 silvestris
1096 2248 1224 2323 speciem

201 2337 393 2409 formamque
428 2337 572 2411 mutatus,
610 2340 646 2393 ut
681 2336 738 2395 sibi
773 2336 886 2410 primas
922 2338 1025 2411 partes¹
1060 2335 1091 2394 in
1124 2355 1224 2395 amore

201 2424 333 2482 Veneris
364 2422 540 2498 vindicaret,
572 2424 691 2483 incaute
722 2428 827 2483 contra
858 2443 890 2483 ss
923 2428 1058 2483 ruentem
1094 2426 1224 2501 percutit

297 2608 316 2663 3
330 2612 356 2665 d.
367 2628 398 2678 p.
412 2610 551 2665 formatus
564 2612 629 2665 odd.
684 2609 703 2665 4
718 2613 819 2667 codices
831 2613 998 2681 scriptarum
1011 2611 1110 2682 lugitis
1125 2640 1158 2657 =
1171 2639 1223 2665 -o-

201 2690 277 2737 recte
297 2699 325 2736 se
347 2683 444 2736 tabere
467 2690 558 2751 aperte
576 2684 651 2738 docet
668 2685 811 2751 clausula
835 2684 908 2738 code
926 2685 1020 2739 cetam
1037 2701 1142 2753 quoquc
1160 2685 1225 2739 boas

200 2754 326 2808 codicem
342 2756 429 2808 secuti
445 2771 540 2808 samus
559 2757 657 2824 (aspro
675 2759 789 2823 1116),
813 2758 847 2822 cf.
864 2759 890 2821 7,
901 2760 925 2808 5.
1036 2754 1051 2808 1
1072 2756 1098 2808 d.
1109 2773 1139 2824 p.
1159 2757 1224 2809 sunt

202 2825 274 2880 auu.
365 2824 383 2877 8
401 2826 428 2878 d.
439 2842 471 2893 p.
485 2824 610 2879 lacrimis
629 2827 692 2880 odd.
803 2825 838 2880 11
860 2827 886 2880 d.
902 2833 965 2881 acte
982 2825 1061 2878 nulla
1075 2827 1140 2881 odd.

203 2898 244 2951 13
266 2894 425 2949 noNomine
440 2896 474 2963 P,
492 2914 517 2951 o.
528 2899 619 2965 praef.
630 2915 660 2965 p.
672 2898 742 2951 XII
743 2902 763 2950 2.
874 2897 911 2952 15
935 2897 1082 2951 confirmat
1101 2899 1133 2953 P.

204 2969 245 3023 19
265 2982 414 3036 percursor
431 2969 464 3022 P.
538 2967 575 3022 21
595 2968 621 3022 d.
632 2987 662 3037 p.
676 2970 803 3022 mutatus
822 2970 886 3023 odd.

300 3126 316 3181 l
336 3126 441 3182 dixisse
459 3128 595 3183 sufficiat:
612 3131 647 3197 cf.
663 3130 754 3184 Mars.
770 3134 814 3196 58,
829 3135 853 3184 9.
873 3134 938 3194 276,
947 3133 992 3183 25.
1014 3129 1112 3185 OXW
1126 3135 1169 3185 40.

204 3200 223 3253 2
252 3200 343 3253 Motis.
364 3200 520 3254 LXXVII
526 3199 537 3225 ⁶
552 3202 573 3254 I
586 3205 625 3255 22
652 3199 767 3254 caelesti
867 3200 1046 3255 institutione
1078 3201 1223 3255 formatus.

204 3272 268 3326 LX
275 3269 331 3323 111⁰
342 3270 362 3323 Ι
373 3276 406 3324 11
422 3270 518 3325 divina
532 3272 598 3326 inst.
608 3272 688 3326 form.
705 3275 791 3339 7,22.·
807 3272 967 3326 divinarum
980 3271 1116 3327 virtutum
1134 3275 1223 3342 magi-

209 3341 299 3397 sterio
313 3340 436 3395 formati.
450 3344 485 3408 cf.
495 3348 539 3410 44,
550 3349 573 3397 5.
589 3349 633 3410 87,
642 3347 687 3397 27.
744 3343 782 3397 10
800 3360 879 3397 mens
896 3343 1023 3412 perdita:
1041 3345 1075 3409 cf.
1092 3348 1181 3409 31,16
1199 3350 1224 3399 ct

206 3414 302 3469 Motis.
316 3418 360 3479 88,
370 3417 415 3467 21.
470 3415 636 3483 cupiditatis
650 3414 759 3482 laqueis
773 3414 935 3484 implicata:
953 3415 988 3479 cf.
1005 3416 1169 3481 Matusro,
1180 3420 1222 3468 11.

205 3488 329 3551 260,16.
349 3485 426 3538 LVI
428 3484 439 3510 ⁰
449 3486 488 3539 II
498 3490 542 3541 12.
561 3486 662 3543 ΧΟἾ
672 3492 696 3540 5.
718 3488 768 3541 Mo
784 3491 827 3541 19.
851 3486 931 3541 Adde
948 3487 1037 3540 Motis.
1052 3491 1154 3552 11,16.·
1168 3487 1222 3539 ter-

206 3555 285 3610 renis
300 3556 424 3609 sordium
438 3556 547 3626 laqueis
561 3558 722 3628 impeditus.
779 3557 816 3610 12
830 3558 863 3611 ut
876 3556 1029 3626 publicatis
1041 3600 1046 3611 .
1058 3598 1079 3610 ..
1094 3558 1128 3622 cs.
1139 3562 1183 3623 42,
1194 3561 1220 3611 8.

208 3628 248 3681 15
269 3628 298 3681 et
312 3628 387 3696 quod
402 3630 445 3682 est
457 3628 651 3697 potissimum:
668 3631 704 3695 cs.
719 3629 809 3683 Mass.
824 3632 890 3695 258,
900 3634 924 3683 7.
989 3628 1024 3681 18
1045 3630 1133 3683 Motu.
1150 3633 1223 3695 92‚8

208 3716 276 3759 cum
357 3698 492 3754 Saturnus
574 3702 611 3755 ad
634 3699 752 3769 Aquarii
775 3700 888 3768 signum
910 3700 1062 3753 transitum
1084 3699 1159 3754 fecit.
1187 3701 1222 3765 cf.

209 3774 257 3837 92,
267 3775 312 3824 20.
332 3774 377 3837 93,
385 3775 412 3826 2.
431 3775 529 3838 1415.
550 3772 685 3828 LXVII
695 3776 720 3826 9.
740 3770 850 3826 LXII*
861 3772 934 3826 112.
955 3770 1161 3825 LXIV'120.
