3100 4359
330 402 376 455 DE
394 401 542 456 ERRORE
562 401 664 456 PROF.
678 400 758 455 RRL.
778 400 855 455 CAP.
870 398 1073 454 XVII—XVIII
1165 398 1209 461 43

196 571 381 648 aegritudine
404 570 679 630 convalescentibus
701 569 884 629 hominibus·
908 570 996 627 natas
1024 568 1209 645 estquidam

195 681 229 719 ex
252 660 451 720 admiratione
474 663 671 735 contemptus.
717 658 766 718 Sic
789 660 938 733 paulatim
963 658 1042 733 quod
1070 657 1211 733 stupebat

196 752 313 809 animus
337 768 426 808 ausas
450 753 495 808 est
517 750 678 826 diligenter
695 748 856 825 inquirere,
878 752 908 807 et
927 750 1032 806 statim
1049 750 1081 805 in
1101 766 1210 806 aroana

193 840 332 899 fictarum
354 857 389 897 ao
406 858 552 897 vanarum
569 838 816 913 superstitionum
835 856 927 914 sagax
945 839 1029 895 misit
1046 836 1208 913 ingenium.

170 930 277 987 sTunc
311 948 346 987 ex
375 928 504 987 assiduis
535 927 715 986 tractatibus
747 927 907 985 latentium
939 926 1055 986 ratione
1086 927 1211 985 collecta

193 1016 332 1093 pervenit
360 1018 397 1075 ad
425 1036 538 1091 causas,
564 1019 598 1075 ut
620 1018 817 1091 profanarum
839 1017 1018 1094 religionum
1041 1016 1210 1075 miseranda

192 1108 363 1167 commenta
388 1099 550 1164 humanum
578 1124 672 1189 genus
695 1107 825 1181 primum
848 1106 985 1164 disceret·
1014 1105 1119 1163 deinde
1143 1124 1210 1163 con·

192 1199 374 1273 tempneret·
396 1196 486 1253 tertio
509 1199 667 1254 recusaret.

282 1284 396 1343 XVIII.
428 1283 516 1343 Libet
544 1303 624 1343 uuna
653 1284 813 1360 explanare
841 1284 950 1359 quibus
980 1302 1011 1342 se
1042 1284 1135 1360 signis
1163 1284 1212 1341 vel

156 1375 304 1450 aquibus
327 1374 470 1449 symbolis
493 1376 526 1431 in
548 1375 622 1449 ipsis
645 1372 907 1447 superstitionibus
930 1372 1098 1431 miseranda
1116 1372 1211 1432 homi-

192 1484 264 1522 num
295 1462 389 1522 turba
416 1466 582 1540 cognoscat.
629 1462 750 1520 Habent
778 1464 857 1520 enim
883 1464 1006 1537 propria
1033 1464 1121 1538 signa
1143 1481 1211 1537 pro-

192 1556 259 1629 pria
283 1570 436 1627 responsa,
460 1568 537 1627 quae
559 1552 621 1610 illis
639 1553 671 1610 in
689 1552 816 1610 istorum
836 1550 1060 1628 sacrilegiorum
1079 1551 1212 1610 coetibus

192 1642 309 1701 diaboli
336 1641 464 1715 tradidit
491 1642 658 1717 disciplina.
703 1640 739 1698 In
763 1642 892 1716 quodam
918 1641 1031 1716 templo
1055 1644 1089 1699 ut
1111 1641 1144 1698 in
1166 1642 1211 1699 in-

192 1731 356 1791 terior-ibus
383 1732 521 1805 partibus
547 1731 635 1789 homo
663 1730 826 1789 moriturus
853 1730 950 1805 possit
972 1730 1101 1804 admitti,
1125 1730 1211 1788 dicit:

156 1816 253 1890 15‘De
277 1824 455 1895 tympano
478 1820 708 1896 manducavi,
736 1819 776 1878 de
800 1818 1073 1895 cymbalobibi,
1102 1822 1136 1878 et
1158 1838 1212 1877 re-

193 1910 350 1989 ligionis
377 1913 518 1968 secreta
545 1902 750 1984 perdidioi',
774 1908 854 1982 quod
877 1906 989 1967 Graeco
1013 1928 1146 1967 sermone
1170 1908 1212 1965 di·

194 2002 286 2060 citur:
313 1996 346 2059 ἐκ
367 1997 524 2076 τυμπάνου
547 1994 692 2076 βέβρωκα,
715 1994 747 2055 ἐκ
769 1996 924 2074 κυμβάλου
951 1994 1082 2075 πέπονα,
1105 1994 1213 2077 γέγονα

193 2090 312 2166 μύστης
332 2084 463 2159 'Marsua
509 2087 589 2145 Male
617 2088 707 2144 miser
732 2086 822 2144 homo
855 2086 890 2143 de
922 2086 1051 2144 admisso
1081 2087 1247 2147 facinorea

193 2177 358 2238 confiteris.
403 2177 583 2237 Pestiferam
620 2176 726 2235 veneni
755 2177 838 2233 virus
874 2174 1011 2248 hausisti,
1044 2176 1074 2233 et
1104 2175 1215 2233 nefarii

155 2297 180 2336 ρο
193 2270 309 2327 furoris
339 2268 485 2325 instinctu
516 2266 606 2325 letale
627 2260 631 2343 l
651 2263 789 2341 poculum
822 2263 937 2322 lambis.
984 2262 1090 2322 Cibum
1122 2265 1213 2322 istum
1224 2278 1265 2325 sor.
1278 2275 1320 2314 ιον

286 2473 479 2541 Reontdptus
498 2472 537 2525 sic
556 2474 589 2526 P.
680 2472 756 2538 quod
781 2470 990 2538 stupebamus(
993 2495 1099 2522 .....
1098 2472 1108 2539 )
1128 2471 1164 2525 sk
1182 2487 1216 2523 ου

195 2547 317 2617 Quintil.
390 2544 588 2611 sinquirera:
607 2543 644 2596 Et
663 2545 696 2609 P,
715 2560 763 2597 em.
779 2541 826 2595 Fe.
899 2539 917 2593 4
937 2558 970 2593 ac
988 2540 1036 2606 Fl,
1055 2540 1108 2594 hac
1127 2543 1160 2595 P.

194 2618 231 2672 12
251 2607 340 2689 aptib3
359 2617 393 2670 P.
502 2613 540 2668 14
558 2615 709 2667 moriturus
728 2617 762 2680 P,
782 2615 816 2680 ef.
831 2613 874 2666 Fr
887 2617 932 2680 23,
958 2615 1086 2665 oraturus
1110 2613 1216 2668 Lobecle

193 2690 335 2760 Aglaopb.
350 2690 369 2742 1
385 2693 431 2754 24,
449 2686 614 2740 introiturus
634 2688 682 2740 Rc
691 2687 749 2739 Ha.
859 2684 900 2737 17·
921 2685 1012 2738 littera
1031 2686 1052 2738 Α
1071 2686 1143 2739 vocis
1162 2686 1216 2739 ΒΕ-

195 2762 317 2819 araas
336 2777 354 2813 a
368 2778 390 2829 p
407 2765 539 2813 reuocato
553 2764 578 2812 et
591 2758 730 2811 dictinctio
744 2756 859 2821 addita·
878 2755 903 2807 d.
914 2774 944 2825 p.
955 2755 1073 2809 πέπονα
1087 2772 1137 2810 νου
1150 2758 1214 2811 add.

229 2840 299 2888 aute
319 2832 451 2888 ΓΕΓωΝΑ
467 2831 518 2895 (sio
531 2831 565 2894 P,
583 2846 632 2883 cm.
647 2829 697 2896 Fl)
716 2846 818 2883 rasura
836 2829 957 2881 duarum
976 2828 1129 2883 litterarum
1147 2845 1215 2896 quoe

194 2907 237 2961 ΚΑ
262 2906 387 2972 fueram,
410 2902 516 2956 litterae
538 2902 641 2955 scilicet
657 2901 782 2966 finientes
802 2900 875 2954 vocis
892 2900 1044 2957 ΠΕΠωΚΑ
1064 2918 1082 2953 ο
1102 2901 1215 2954 librario

190 2995 243 3046 per
262 2992 383 3031 errorem
399 2975 529 3042 repetitae
534 2994 544 3038 ,·
563 2989 708 3043 perperam
725 2972 814 3042 igitur
831 2970 880 3024 καὶ
899 2968 1001 3041 γέγονα
1019 2973 1053 3025 ci.
1068 2973 1126 3025 Ha.

196 3049 234 3103 le
255 3046 358 3101 ausisti
376 3047 410 3100 P.
496 3044 536 3097 20
554 3042 648 3097 laetale
666 3045 701 3098 P.
778 3041 881 3095 lambis
900 3045 934 3109 P,
953 3042 1079 3096 lambisti
1098 3060 1159 3096 cam
1180 3042 1216 3096 Oe

194 3122 245 3174 Βν
255 3121 318 3184 Ha,
336 3124 367 3172 ot
384 3118 420 3184 cf.
435 3116 479 3171 St.
1206 3140 1207 3143 ¹

291 3296 330 3350 16
349 3297 439 3351 Mate.
455 3300 498 3361 13,
509 3299 545 3349 30
563 3294 837 3363 (mathematicorum
856 3293 1010 3365 ingenium)
1030 3293 1141 3346 divinae
1160 3291 1216 3345 dis·

197 3369 311 3423 sitionis
326 3371 432 3421 secreta
445 3365 605 3434 perdidicit.
626 3365 822 3421 LV11'1142
836 3366 1035 3420 absconsamm
1048 3364 1216 3435 religionum

197 3443 309 3494 secreta
327 3439 495 3508 perdiscens.
530 3438 607 3492 Uada
625 3440 812 3508 coprwsoimas
825 3438 960 3492 Latinam
978 3456 1037 3491 earo
1056 3439 1215 3503 iuterpreta-

196 3515 303 3566 eonem
324 3512 359 3565 ab
381 3512 441 3578 ipso
460 3510 584 3563 Firmino
607 3516 762 3577 conceptam
780 3526 865 3579 aeque
882 3510 914 3564 ia
933 3510 1038 3564 Attidis
1055 3510 1141 3562 sacris
1158 3522 1215 3559 usr-

199 3589 290 3638 totom
316 3584 409 3649 soraee
502 3580 539 3633 19
563 3583 598 3648 cs.
613 3586 710 3647 45,16'.
732 3584 822 3646 53,15
850 3587 875 3634 et
902 3581 991 3634 Mota.
1007 3583 1111 3646 33,17.·
1138 3576 1214 3629 illius

197 3656 326 3707 animam
340 3652 505 3722 pestiferum
519 3653 619 3705 veneni
632 3652 708 3704 viras
724 3652 852 3705 exclusit,
870 3650 1004 3705 LIX'II
1015 3656 1059 3705 30.
1080 3648 1215 3703 LXXHv

198 3728 296 3780 1110.
316 3727 367 3780 Μο
380 3730 426 3779 22.
512 3724 603 3777 Mora.
619 3722 806 3779 X0V1⁰141
826 3722 933 3775 nefario
951 3722 1052 3776 furoris
1071 3719 1215 3773 instinctu.

197 3800 234 3865 cf.
252 3798 305 3851 Mo
318 3802 364 3851 20.
