3100 4359
351 396 392 460 16
688 395 826 451 FIRMICI
844 397 1012 453 MATERNI
1385 226 1392 507 l

253 581 294 630 sot-
306 574 337 617 ε’
350 565 503 625 cadaveris
521 565 665 625 inauditis
679 584 774 641 usque
788 566 821 623 in
833 566 920 623 illum
933 565 1013 625 diem
1026 567 1122 643 epulis
1144 562 1148 645 Ι
1168 569 1353 626 vescerentur.

351 654 409 716 Gor
431 655 560 715 divisum
589 656 648 714 sibi
670 673 753 714 soror
776 658 884 729 servat,
908 646 972 735 (cui
993 656 1128 715 Minerva
1151 657 1211 715 fuit
1233 648 1354 733 nomen),

351 746 424 821 quia
447 748 477 803 et
495 745 561 820 ipsa
580 744 698 803 sceleris
717 744 777 801 fuit
794 746 952 819 particeps,
973 748 1002 805 et
1020 748 1055 803 ut
1072 745 1264 804 manifestum
1283 744 1353 803 delc-

350 834 441 893 tionis
471 836 549 893 esset
577 833 734 910 indicium,
764 836 795 891 et
817 835 852 891 ut
873 833 997 893 baberet
1018 834 1097 893 unde
1120 834 1246 894 furentis
1269 834 1353 909 patris

351 922 497 999 impetum
519 924 681 1000 mitigaret.
727 922 856 981 Reverso
882 922 949 983 Iovi
975 923 1038 981 filia
1066 922 1201 982 ordinem
1223 922 1379 981 facinorist

315 1012 479 1087 cerponit.
526 1012 608 1070 Tunc
637 1015 724 1087 pater
751 1013 871 1071 funesta
901 1013 1072 1071 calamitate
1099 1012 1244 1073 cladis'et
1266 1012 1355 1071 acerbi

350 1103 449 1160 luctus
472 1103 629 1161 atrocitate
659 1100 968 1160 commotus·Titanas
998 1101 1119 1177 quidem
1142 1103 1227 1161 vario
1258 1119 1355 1179 genere

351 1191 532 1250 excruciatos
562 1193 661 1265 necat,
692 1208 746 1249 nec
774 1192 1016 1265 praetermissum
1045 1193 1091 1250 est
1117 1192 1149 1249 in
1172 1191 1288 1250 ultione
1310 1190 1357 1247 filii

351 1283 404 1339 aut
425 1282 605 1339 tormentum
634 1279 756 1355 aliquod
790 1281 843 1337 aut
871 1298 980 1355 poena,
1013 1279 1065 1339 sed
1096 1299 1150 1355 per
1172 1282 1276 1339 omnia
1298 1298 1355 1355 poe·
1393 1270 1394 1283 ¹

350 1388 458 1428 narum
480 1388 589 1446 genera
610 1368 784 1429 bacchatus·
809 1387 911 1428 necem
937 1370 1163 1444 qualiscumque
1190 1368 1249 1427 filii
1270 1368 1383 1429 vindi-u

352 1460 441 1528 cavit,
459 1457 568 1518 affectu
587 1458 706 1535 quidem
725 1458 821 1533 patris
840 1457 891 1516 sed
910 1460 1069 1534 tyrannica
1086 1459 1245 1533 potestate.
1285 1458 1356 1516 Tunc

352 1548 423 1624 quia
454 1547 567 1606 diutius
598 1550 684 1623 pater
719 1548 796 1605 ferre
832 1546 963 1624 lugentis
1000 1548 1094 1605 animi
1124 1550 1276 1606 tormenta
1307 1565 1358 1605 nou

351 1639 483 1713 poterat,
513 1640 544 1695 et
573 1638 645 1711 quia
667 1636 753 1695 dolor
776 1655 812 1694 ex
835 1636 963 1695 orbitate
987 1638 1108 1695 veniens
1131 1636 1223 1695 nullis
1248 1635 1358 1697 solaciis

350 1726 556 1803 mitigabatur,
578 1726 740 1803 imaginem
763 1726 829 1783 eius
852 1745 887 1784 ex
910 1744 1004 1804 gypso
1033 1724 1161 1801 plastico
1189 1745 1279 1801 opere
1302 1745 1358 1801 per-

350 1815 430 1889 fecit,
454 1819 484 1874 et
507 1834 557 1873 cor
578 1815 664 1888 pueri
687 1834 722 1872 ex
750 1834 809 1891 quo
832 1814 947 1875 facinus
971 1816 1070 1873 fuerat
1093 1833 1192 1873 sorore
1216 1814 1385 1875 deferentes

352 1903 509 1976 detectum,
531 1905 564 1961 in
587 1922 622 1962 ea
640 1908 726 1979 parte
744 1904 856 1979 plastas
875 1905 1011 1963 conlocat
1029 1923 1089 1979 qua
1103 1906 1232 1979 pectoris
1248 1905 1359 1962 fuerant

351 1993 527 2051 liniamenta
549 1993 686 2051 formata.
732 1993 805 2052 Post
827 1994 900 2053 haec
922 2012 976 2068 pro
999 1994 1115 2053 tumulo
1144 1992 1272 2051 exstruit
1294 1995 1359 2051 tem-

316 2081 448 2158 splum,
478 2085 507 2140 et
529 2082 736 2159 paedagogum
764 2083 850 2157 pueri
873 2082 1028 2141 constituit
1051 2081 1242 2141 sacerdotem.
1290 2081 1360 2139 Huic

353 2170 471 2229 Silenus
494 2171 553 2229 fuit
575 2190 690 2229 nomen.
738 2169 890 2230 Cretenses
918 2173 953 2229 ut
975 2171 1102 2229 furentis
1125 2172 1250 2246 tyranni
1274 2171 1360 2230 saeri-

351 2261 426 2318 tiam
448 2260 637 2337 mitigarent,
668 2261 760 2319 festos
787 2260 899 2319 limeris
927 2259 989 2318 dios
1012 2262 1158 2333 statuunt,
1182 2263 1213 2319 et
1236 2273 1387 2319 annuunt

352 2368 471 2408 sacrum
506 2350 657 2408 trieterica
694 2351 914 2409 consecratione
951 2350 1137 2424 conponunt,
1178 2350 1282 2408 omnia
1317 2366 1362 2425 per

353 2438 486 2499 ordinem
509 2439 651 2497 facientes
671 2457 748 2514 quae
766 2458 843 2515 puer
860 2438 1000 2499 moriens·
1025 2441 1078 2497 aut
1096 2438 1168 2496 fecit
1186 2442 1241 2496 aut
1264 2454 1361 2515 passus

354 2532 407 2588 est.
453 2528 564 2586 Vivum
595 2528 713 2587 laniant
749 2527 886 2586 dentibus
923 2517 1056 2601 taurum,
1094 2526 1227 2587 crudeles
1266 2527 1362 2604 epulas

354 2619 460 2676 annuis
484 2616 815 2676 commemorationibus
846 2616 1018 2689 excitantes,
1048 2620 1078 2675 et
1104 2635 1158 2691 per
1180 2621 1297 2676 secreta
1319 2615 1361 2674 sil-

353 2726 458 2766 varum
481 2706 659 2765 clamoribus
683 2706 810 2765 dissonis
830 2705 1111 2783 eiulantesfinguut
1129 2704 1222 2763 animi
1242 2705 1390 2764 furentisu

443 2893 595 2961 dquiaP,
614 2910 685 2962 quae
700 2896 748 2949 Bu
757 2893 815 2947 Ha.
907 2892 1039 2947 dacemi
1052 2894 1086 2948 P.
1175 2892 1237 2947 ld.
1248 2912 1281 2962 p.
1297 2910 1364 2947 oom-

353 2968 445 3019 motus
463 2966 528 3019 odd.
610 2964 698 3019 oaur
715 2969 790 3037 peni
804 2966 837 3019 P.
922 2964 960 3019 lo
978 2964 1004 3017 d.
1015 2983 1046 3034 p.
1060 2964 1213 3018 bacchatus
1233 2966 1299 3020 add.

353 3052 435 3089 neces
449 3037 482 3090 P.
574 3035 611 3090 15
631 3037 741 3105 corpori
754 3039 790 3104 P,
808 3054 857 3091 eru.
872 3038 928 3091 Bu.
1020 3035 1057 3089 16
1079 3035 1185 3104 plastes
1204 3038 1256 3105 (ccl
1275 3033 1364 3104 plusti)

354 3109 410 3174 Bu,
428 3106 520 3178 plaste
534 3110 568 3162 P.
614 3106 650 3161 19
669 3107 774 3178 silenus
793 3125 861 3163 corr.
871 3126 893 3177 p
907 3124 941 3161 ea
959 3107 1076 3161 selenus.
1115 3106 1365 3175 racemorum

353 3196 418 3252 add.
490 3194 528 3249 24
548 3180 638 3250 annds
652 3198 686 3251 P.
759 3197 798 3252 25
817 3198 843 3251 d.
854 3215 885 3266 p.
901 3196 1039 3251 eiulantes
1054 3197 1118 3251 add.

445 3357 459 3410 7
480 3356 557 3411 vario
570 3373 671 3425 genere
685 3374 779 3412 uocem
793 3358 946 3412 Matbescos
958 3359 1032 3423 locta,
1046 3356 1081 3422 cs.
1097 3358 1148 3411 Mo
1162 3360 1206 3409 16.
1246 3356 1264 3410 s
1281 3355 1365 3409 Mau.

354 3434 428 3495 29,4
453 3444 504 3497 per
526 3428 621 3481 omnia
645 3427 820 3483 crudelitatis
844 3445 947 3500 genera
970 3430 1136 3498 macetum.
1164 3426 1271 3482 Arcrob.
1286 3428 1325 3481 II
1336 3428 1366 3478 76

356 3501 449 3554 omnia
472 3516 575 3569 genera
598 3515 752 3569 poenarum
770 3502 819 3570 (II
829 3505 879 3555 30:
896 3516 947 3569 per
965 3500 1060 3554 omnia
1077 3497 1229 3552 libidinum
1248 3498 1365 3567 genera).

355 3572 404 3625 IV
416 3577 451 3627 35
470 3587 520 3641 per
538 3570 655 3627 affectus
674 3588 769 3626 omnes
789 3570 962 3626 meretriciae
980 3569 1099 3624 vilitatis
1179 3570 1321 3625 bacchari.

356 3643 394 3697 16
408 3660 460 3699 coa
493 3643 578 3696 lastcs
593 3650 681 3698 aaut
696 3644 786 3698 Malle.
796 3647 862 3710 228,
873 3647 917 3697 18.
973 3642 1008 3696 l'l
1026 3642 1116 3696 Meto.
1131 3645 1204 3707 16,6
1217 3641 1269 3711 qui
1282 3640 1364 3694 isdem

376 3731 390 3759 τ
413 3662 553 3768 similibus
579 3714 768 3768 membrorum
793 3713 966 3768 liniamentis
989 3713 1139 3768 videantur
1166 3728 1227 3767 esse
1249 3709 1363 3768 formati

404 3791 416 3827 i
435 3790 599 3850 ct264,13.·
618 3801 765 3854 corporum
783 3785 956 3841 liniamenta.
994 3786 1075 3840 Adde
1093 3788 1156 3851 152,
1167 3789 1210 3837 11.
