3100 4359
325 379 372 431 XL
728 378 934 434 PRAEFATIO

325 549 431 623 potest.
479 545 690 624 Supplevimus
718 549 801 622 istos,
832 548 912 624 quod
940 551 971 606 et
993 547 1091 625 spatio
1116 550 1221 623 aptum
1244 551 1288 608 est
1310 554 1338 608 et

325 637 490 696 sententiae
522 637 710 712 potissimum
743 637 914 696 satisfacere
945 636 1073 696 videtur.
1097 667 1139 678 -
1163 637 1253 698 Vocis
1281 643 1338 698 trc-

324 725 436 783 drmtrrr
467 725 538 783 olim
575 725 670 784 solam
701 725 876 785 videbamus
913 729 1077 785 extremam
1107 727 1241 786 litteram
1267 746 1285 786 r
1311 731 1338 786 et

325 814 535 891 supplebamus
558 814 653 873 Flacii
684 815 779 874 secuti
808 816 964 875 lectionem
996 816 1121 874 traditae
1149 820 1232 886 armi,
1264 835 1338 892 quae

325 903 484 978 quodiam
502 903 598 962 Flacii
611 906 710 962 aetate
727 904 777 962 bic
795 905 876 963 locus
895 903 1121 964 obscurissimus
1140 903 1208 979 fuit,
1227 905 1337 964 nullam

323 992 414 1051 habet
450 993 669 1051 auctoritatem.
728 993 815 1052 Nunc
853 1011 923 1052 vero
961 997 1030 1052 ante
1058 992 1218 1052 rfinalem
1254 994 1337 1054 hasce

323 1082 441 1140 litteras
460 1081 655 1157 dispeximus:
678 1101 703 1156 r,
726 1101 746 1139 a
763 1083 854 1156 vele,
876 1085 942 1140 rete:
965 1081 1108 1142 habemus
1126 1083 1338 1158 igitur-roratur

323 1171 371 1229 vel
408 1174 529 1229 rentur.
583 1170 689 1229 Verbis
720 1171 753 1228 in
786 1189 831 1229 ·r0
863 1170 1037 1230 cadentibus
1069 1171 1258 1246 perlustratis
1295 1164 1317 1252 (

324 1257 537 1318 Gradenwitzii
553 1251 722 1339 laterculis)
745 1261 776 1318 et
795 1260 833 1318 ad
856 1279 919 1317 rem
942 1261 1091 1337 pertinere
1110 1262 1191 1319 etin
1209 1262 1338 1336 spatium

324 1348 472 1423 quadrare
494 1347 653 1407 videbatur
675 1351 803 1407 maxime
826 1348 949 1409 verbum
970 1366 1118 1422 generare,
1142 1351 1225 1408 cuius
1249 1352 1338 1409 etiam

322 1436 436 1513 primas
469 1438 611 1512 quattuor
642 1438 773 1512 litteras,
807 1457 828 1512 9
859 1440 1047 1513 praesertim,
1080 1457 1238 1516 agnoscere
1270 1443 1338 1498 tnnc

322 1525 408 1584 nobis
430 1526 489 1585 visi
512 1544 621 1586 sumus.
667 1526 723 1585 His
751 1527 813 1584 iam
841 1525 1137 1603 collectistlicerone
1164 1527 1275 1586 iterum
1296 1531 1337 1586 in·

323 1618 424 1691 specto
439 1617 591 1692 egregiam
605 1617 668 1674 eius
683 1617 872 1676 coniecturae
891 1615 1146 1675 confirmationem
1158 1617 1338 1690 invenimus3

323 1703 397 1762 dicit
415 1704 508 1762 enim:
540 1722 614 1778 quae
645 1721 692 1762 res
720 1707 845 1778 percult
875 1706 971 1778 falsas
1000 1707 1150 1778 opiniones
1173 1722 1338 1779 erroresque

322 1793 501 1852 turbulentos
525 1797 551 1851 et
576 1796 793 1866 superstitiones
819 1812 916 1867 parrae
948 1795 1048 1853 actim
1094 1795 1199 1869 Neque
1228 1814 1246 1852 a
1276 1795 1338 1854 Fir-

322 1881 393 1940 mici
424 1899 481 1940 usu
513 1881 632 1941 dicendi
663 1882 788 1942 verbum
814 1901 956 1955 peecare
987 1882 1119 1942 alienum
1151 1902 1214 1943 esse
1238 1903 1273 1942 ex
1295 1885 1337 1942 in·

323 1971 388 2029 dice
420 1989 585 2048 cognosces.
633 1970 757 2031 (tollatis
791 1971 918 2046 deniqne
949 1971 1023 2031 locis
1055 1972 1152 2031 XH5
1185 1973 1284 2032 rideat
1309 1977 1340 2032 ut

322 2060 461 2118 Herculis
475 2107 481 2118 .
497 2105 503 2118 .
520 2105 526 2118 .
546 2061 672 2134 abegerit
698 2061 782 2120 boves
813 2063 844 2120 et
875 2060 945 2119 XXI
970 2063 988 2118 2
1021 2063 1108 2120 ridere
1138 2065 1173 2120 ut
1187 2107 1192 2118 .
1208 2107 1215 2120 .
1233 2108 1239 2120 .
1254 2064 1338 2122 turba

322 2151 455 2209 succedet
487 2152 518 2208 et
548 2151 681 2224 respecto
712 2152 778 2225 ipso
816 2149 965 2208 Ciceronis
997 2153 1082 2209 textu
1115 2151 1338 2212 coniunctivum

322 2239 481 2298 maluimus
504 2237 622 2314 ponere.
658 2238 765 2297 Paucis
787 2238 921 2298 versibus
944 2243 1014 2314 post
1035 2258 1096 2298 non
1113 2243 1231 2302 saraca
1250 2241 1337 2314 (lerce-

322 2327 379 2401 ret)
397 2329 542 2403 scriptum
561 2331 614 2401 est,
638 2327 716 2402 quod
735 2328 807 2386 olim
826 2328 998 2405 legebamus
1017 2347 1071 2403 pro
1090 2331 1224 2404 priorum
1243 2332 1338 2407 nugis,

322 2416 372 2475 sed
391 2420 503 2485 renata,
528 2436 603 2491 quae
626 2416 715 2475 lectio
740 2419 832 2475 etiam
854 2417 949 2475 multo
969 2418 1069 2492 aptior
1091 2421 1149 2477 est:
1172 2423 1205 2476 ret
1222 2420 1338 2479 invedi-

319 2508 397 2579 parts
425 2506 558 2564 omnibus
585 2508 670 2577 arque
692 2507 815 2579 detectis,
838 2524 912 2580 qaue
934 2507 1093 2579 sacrilegus
1116 2525 1198 2565 error
1221 2509 1339 2568 ebsecr-

321 2596 413 2669 derat,
435 2597 543 2654 eerr'tes
565 2599 670 2654 renata
692 2595 804 2653 laceret.
851 2594 980 2653 Verbum
1004 2597 1119 2654 renasci
1142 2595 1290 2657 Firmicus
1307 2600 1338 2655 in

322 2683 435 2742 deliciis
458 2684 574 2758 habuit,
597 2684 634 2742 cf.
656 2683 717 2740 ind.
740 2685 771 2741 et
789 2684 807 2742 l.
828 2702 850 2742 c.
875 2705 903 2759 p.
924 2686 997 2743 277.

409 2773 445 2830 In
477 2772 558 2832 foliis
591 2775 649 2832 20v
671 2775 702 2830 et
726 2774 781 2831 21r
808 2773 952 2847 plurimos
980 2773 1060 2832 locos
1094 2775 1249 2850 corruptos
1277 2777 1338 2834 iam

321 2862 394 2919 olim
422 2853 455 2941 (l.
480 2881 503 2921 c.
527 2882 555 2936 p.
577 2853 767 2941 ase—295)
798 2864 979 2920 sanavimus.
1025 2862 1171 2922 Addenda
1193 2863 1337 2923 habemns

320 2951 400 3009 haec.
450 2950 521 3027 Gap.
539 2950 595 3008 XX
615 2952 633 3007 5
657 2951 748 3008 talem
771 2953 887 3010 textum
909 2951 1048 3010 Halmius
1071 2951 1207 3027 praebet:
1231 2956 1258 3008 et
1276 2955 1338 3011 licet

321 3041 417 3099 editae
442 3041 476 3098 irc
502 3039 677 3113 quibrrsdcm
704 3041 871 3112 regionibus
892 3041 1076 3100 idololatriac
1096 3041 1252 3098 morientia
1274 3043 1336 3114 pcl-

316 3130 411 3203 piterrt
440 3128 582 3197 membra,
612 3131 711 3186 temere
736 3131 770 3188 ira
799 3147 829 3188 ec
856 3146 903 3188 rea
926 3133 968 3188 est
989 3133 1053 3187 ute
1078 3127 1256 3189 Christianis
1280 3147 1337 3190 om·

320 3218 408 3275 arbas
439 3218 524 3276 terris
550 3217 725 3289 pestiferum
756 3219 808 3278 lece
843 3219 955 3277 mulcere
990 3218 1127 3290 funditus
1162 3224 1336 3292 amputetur.

320 3305 404 3363 Ferri
426 3307 546 3380 poterat
568 3305 644 3365 illud
668 3324 683 3366 e
708 3307 894 3381 Christianis,
923 3324 1103 3381 quamquam
1127 3308 1225 3366 minus
1250 3312 1336 3368 acute

321 3393 434 3453 dictum
458 3399 503 3454 est
526 3414 617 3471 quam
639 3397 715 3455 solet
737 3396 891 3453 Firmicua
927 3395 1032 3470 Neque
1050 3398 1169 3454 exstant
1187 3397 1219 3453 in
1238 3398 1336 3456 codice

321 3483 438 3542 litterae
462 3502 503 3544 err
521 3479 610 3564 (quas
632 3486 761 3542 incertas
786 3502 849 3542 esse
872 3483 980 3544 litteris
1004 3485 1156 3544 inclinatis
1183 3485 1336 3545 indicabat

321 3564 483 3654 Halmius),
507 3573 558 3631 sed
581 3577 620 3646 at,
642 3591 738 3647 neque
761 3572 879 3632 litterae
903 3576 1011 3647 optut
1039 3573 1111 3632 alibi
1134 3573 1245 3651 siglum
1269 3578 1336 3635 sunt

321 3662 449 3720 nominis
469 3661 581 3720 christi
600 3653 687 3743 (gria)
705 3662 757 3720 sed
775 3662 940 3738 simplicem
958 3664 1019 3722 vim
1038 3662 1150 3721 habent
1166 3661 1335 3723 litterarum

322 3747 497 3808 Latinarum
520 3752 585 3822 epi:
616 3755 711 3808 temere
743 3754 776 3810 ire
807 3768 839 3810 ec
870 3769 917 3810 res
940 3756 980 3810 est
1001 3757 1035 3810 ret
1057 3753 1181 3825 mistis
1203 3754 1335 3812 amour
